3202 5302
640 386 852 471 AL„

207 605 347 678 1,7,15:
393 585 561 678 Quantus
591 601 630 656 et
657 585 824 657 aetherio
855 583 1074 679 contingens
1108 584 1246 655 vertice
1281 584 1397 655 nubes

92 715 265 810 Frigidus
297 715 462 787 intonsos
489 712 634 784 Taurus
671 715 744 784 alat
781 712 926 786 Cilicas,
973 734 1120 804 3‚3,15:
1161 710 1210 782 Et
1244 736 1397 783 nemora

94 842 129 914 in
159 842 329 915 domibus
358 865 487 913 saeros
516 840 691 912 imitantia
719 838 837 912 lucos.

534 1227 588 1334 II.
659 1226 743 1330 De
782 1224 968 1364 figuris,

203 1481 316 1574 Quod
355 1483 526 1554 rhetores
554 1482 689 1554 Graeci
725 1489 840 1575 σχῆμα
875 1482 1011 1570 dicunt,
1041 1506 1063 1552 a
1093 1481 1276 1554 Cicerone
1305 1506 1398 1553 voce

101 1609 267 1681 dorma«
299 1607 362 1681 vel
395 1609 554 1706 »figura«
588 1609 720 1682 Latine
747 1609 931 1683 redditum
959 1627 1029 1683 est.
1083 1607 1257 1706 Figuram
1287 1608 1399 1702 Quin·

94 1735 243 1811 tilianus
277 1736 348 1809 hoc
386 1738 500 1811 modo
537 1736 662 1809 definit
697 1735 775 1837 (lX,
804 1736 897 1839 1‚4):
937 1738 1094 1834 Figura,
1133 1737 1224 1808 sicut
1251 1737 1398 1809 nomine

93 1865 178 1960 ipso
206 1881 323 1961 patet,
354 1881 414 1937 est
443 1866 671 1937 confirmatio
702 1865 886 1960 quaedam
915 1893 936 1936 a
965 1865 1145 1938 communi
1174 1882 1213 1937 et
1241 1865 1397 1960 primurn

94 2019 138 2066 se
154 1991 333 2065 offerente
350 1993 503 2067 ratione.
533 1993 670 2065 Postea
691 1993 873 2087 (IX‚1‚14)
891 1994 1039 2066 brevius
1067 1993 1257 2086 figuram
1277 1993 1399 2087 aliqua

96 2139 178 2193 arte
216 2135 390 2193 novatam
429 2122 585 2194 formam
619 2120 765 2193 dicendi
801 2147 889 2194 esse
926 2123 1060 2194 statuit.
1118 2120 1292 2194 Attamen
1326 2121 1396 2194 iarn

96 2249 191 2321 inter
222 2265 372 2320 veteres
409 2249 581 2322 rhetores
617 2274 767 2344 prorsus
803 2274 876 2322 non
913 2249 1146 2335 constabat‚·
1171 2273 1268 2344 quae
1305 2249 1400 2320 inter

92 2375 233 2473 figuras
259 2376 489 2448 numeranda
514 2395 652 2451 essent.
703 2377 925 2474 Quanquam
954 2375 1196 2467 Quintilianus
1225 2359 1285 2462 lXss
1315 2397 1394 2467 1,17

92 2503 202 2576 dicit:
238 2503 337 2574 Inter
371 2503 545 2598 plurimos
584 2505 687 2600 quod
723 2506 834 2578 sciam
863 2530 1082 2589 consensum
1111 2521 1168 2576 est
1197 2505 1289 2576 duas
1319 2504 1396 2576 eius

91 2656 184 2704 esse
204 2646 344 2725 partes,
375 2635 545 2720 διανοίας,
574 2632 611 2704 id
637 2648 694 2704 est
711 2633 846 2705 mentis
866 2631 924 2704 vel
944 2657 1073 2704 sensus
1094 2630 1154 2704 vel
1174 2633 1399 2705 sententi-

90 2784 235 2846 arum,
264 2784 345 2831 nam
374 2759 430 2832 his
459 2761 626 2833 omnibus
650 2760 767 2833 modis
787 2760 921 2833 dictum
943 2777 1014 2844 est;
1044 2776 1083 2832 et
1102 2764 1243 2849 λέξεως,
1273 2760 1309 2831 id
1338 2778 1398 2833 est

90 2887 346 2959 verborum
386 2885 445 2958 vel
474 2887 643 2960 dictionis
676 2890 736 2960 vel
772 2886 985 2959 elocutionis
1023 2886 1085 2959 vel
1122 2889 1301 2960 sermonis
1338 2886 1395 2959 vel

88 3013 291 3098 orationis;
322 3040 406 3086 nam
436 3029 474 3086 et
500 3015 660 3086 variatur
688 3030 727 3087 et
756 3013 837 3086 nihil
866 3015 988 3087 refert.
1032 3015 1188 3109 Figuras
1217 3014 1395 3102 colorum,

89 3167 190 3239 quas
234 3139 451 3214 Cornelius·
475 3142 679 3226 adiecerat,
721 3142 908 3237 improbat
949 3158 1127 3238 putatque
1170 3158 1209 3214 ut
1253 3168 1398 3216 omnem

89 3269 315 3355 orationem,
345 3269 395 3342 ita
424 3270 561 3365 figuras
591 3294 742 3365 quoque
771 3270 910 3342 versari
942 3272 977 3342 in
1005 3297 1118 3342 sensu
1148 3286 1185 3341 et
1211 3271 1246 3342 in
1274 3272 1395 3342 verbis

88 3420 254 3470 necesse
282 3422 379 3469 esse.
431 3396 601 3492 Plerique
630 3398 800 3470 rhetores
829 3397 968 3470 eodem
997 3399 1111 3470 modo
1142 3415 1253 3493 atque
1279 3386 1396 3490 Quin-¹

87 3522 238 3599 tilianus
276 3523 412 3621 figuras
448 3525 709 3598 sententiarum
751 3526 873 3620 priore
917 3527 1001 3597 loco
1043 3539 1252 3598 tractarunt.
1312 3524 1395 3597 Hae

90 3651 195 3724 enim
220 3650 360 3748 figurae
390 3677 460 3747 pro
488 3653 720 3750 gravioribus
747 3652 992 3739 habebantur,
1022 3669 1061 3724 ut
1082 3653 1132 3725 ait
1151 3652 1393 3745 Quintilianus

87 3779 156 3864 IX,
190 3803 291 3868 1,19:
338 3779 386 3851 Ut
421 3805 513 3852 vero
550 3796 678 3854 natura
711 3780 809 3876 prius
846 3797 904 3852 est
936 3782 1138 3875 concipere
1174 3781 1294 3852 animo
1333 3807 1393 3853 res

88 3931 208 4003 quarn
235 3907 443 3980 enuntiare:
473 3907 525 3979 ita
553 3907 601 3980 de
626 3909 667 3980 iis
691 3908 815 4004 figuris
841 3925 927 3980 ante
957 3927 1017 3980 est
1043 3907 1269 4003 loquendum
1300 3935 1395 4004 quae

86 4035 143 4108 ad
187 4049 348 4106 mentem
389 4036 587 4130 pertinent.
647 4036 788 4107 Contra
826 4033 1076 4108 Volkmannus
1120 4064 1154 4132 p.
1185 4042 1259 4128 396
1289 4055 1394 4110 recte

10 4258 13 4265 Ι
86 4161 223 4244 affert,
265 4161 465 4256 scriptores
507 4164 632 4258 figuris
669 4163 865 4234 verborum
905 4162 1004 4257 prius
1040 4189 1127 4236 usos
1165 4191 1250 4237 esse
1287 4189 1397 4259 quarn

85 4283 356 4364 sententiarum
385 4291 521 4385 figuris.
578 4290 660 4363 lllas
689 4290 842 4386 primum
872 4290 1053 4386 Gorgiam
1082 4291 1299 4364 Leontinum
1328 4290 1391 4362 ad-

85 4417 256 4492 hibuisse
286 4441 416 4490 omnes
445 4419 574 4493 sciunt.
633 4418 718 4509 Quo
751 4434 921 4512 tempore
959 4420 1101 4514 figurae
1129 4418 1392 4490 sententiarum

10 4572 15 4657 g
83 4543 255 4622 nondum
296 4562 400 4618 erant
443 4547 618 4645 cognitae
659 4572 781 4642 neque
825 4547 873 4618 ab
919 4545 1125 4620 oratoribus
1169 4546 1390 4636 veterrimis,
