3202 5302
699 389 910 471 „AL-

644 589 696 660 (bl.
729 589 946 660 Verborum.

257 799 427 870 Deficere
463 802 598 887 1‚4,82:
631 800 813 872 Deficiunt
844 815 943 872 artes
974 800 1218 896 deficiuntque
1248 798 1335 875 doli.
1379 803 1457 874 De-

151 925 297 1020 spicere
334 928 461 1018 1,1,78.
504 926 627 998 Perire
660 949 822 1020 2,5‚105.
865 930 1028 1024 Purgare
1061 947 1195 1018 2,1,17.

631 1191 676 1234 εε.
706 1160 967 1236 Numeralinm.

257 1396 403 1465 4,2,14:
434 1372 532 1446 Mille
561 1375 677 1448 habet
706 1393 870 1465 ornatus
900 1373 997 1447 mille
1028 1377 1208 1448 decenter
1235 1376 1362 1448 habet.

617 1636 669 1721 ζζ.
700 1632 981 1704 Aduerbiorum.

255 1841 336 1914 Huc
356 1867 474 1947 4491:
507 1843 588 1917 Huc
609 1846 702 1917 ades
723 1861 761 1917 et
778 1861 931 1919 tenerae
952 1847 1104 1918 morbos
1124 1843 1268 1940 expelle
1289 1824 1453 1940 puellae,

149 1968 218 2040 huc
249 1972 343 2042 ades
369 1970 529 2059 intonsa,
558 1973 709 2045 Phoebe
736 1974 909 2068 superbe,
948 1998 1065 2045 coma.
1107 1977 1251 2066 3,6,21:
1288 1972 1453 2046 Nimium

150 2097 379 2192 nimiumque.
413 2122 553 2192 1,1‚43:
584 2101 682 2172 Satis
711 2117 778 2184 est,
807 2101 898 2172 satis
926 2118 993 2173 est.

600 2385 655 2448 ηη.
685 2354 987 2429 Interiectionum.

256 2565 340 2638 l·leu
375 2569 513 2657 1‚4,81:
544 2568 629 2639 Heu
648 2570 719 2641 heu
748 2595 857 2664 quam
887 2570 1076 2641 Marathus
1095 2567 1197 2640 lento
1219 2593 1276 2640 me
1295 2583 1452 2663 torquet

150 2717 287 2764 amore.
320 2717 424 2784 2,3,2.
457 2718 518 2784 49.
553 2700 709 2787 2,5,108.
739 2715 904 2787 4‚13,17.

511 2957 543 3038 β.
572 2950 778 3046 Anaphora
804 2952 864 3022 vel
892 2951 1079 3046 repetitio

253 3163 421 3236 Cornific.
463 3165 519 3246 lV,
569 3187 631 3254 13:
669 3164 859 3259 Repetitio
895 3179 954 3234 est
987 3188 1096 3257 quum
1129 3163 1362 3234 continenter
1399 3165 1450 3234 ab

145 3313 218 3359 uno
246 3305 357 3383 atque
386 3289 521 3361 eodem
549 3290 664 3361 verbo
692 3291 726 3361 in
755 3291 866 3361 rebus
894 3287 1066 3362 similibus
1095 3307 1132 3362 et
1158 3291 1311 3361 diversis
1351 3290 1449 3384 prin-

146 3415 241 3511 cipia
269 3433 466 3489 sumuntur.
524 3416 630 3488 Haec
671 3418 863 3489 exornatio
907 3443 1017 3512 quum
1057 3419 1203 3488 multum
1239 3405 1447 3490 venustatis

144 3544 271 3628 habet,
291 3560 364 3615 tum
383 3545 575 3640 gravitatis
596 3561 634 3616 et
653 3545 876 3618 acrimoniae
897 3544 1098 3638 plurimum.
1144 3543 1270 3634 Quare
1299 3544 1448 3616 videtur

146 3696 231 3742 esse
252 3671 465 3742 adhibenda
484 3689 523 3743 et
542 3671 590 3742 ad
610 3671 813 3742 ornandam
834 3686 873 3742 et
888 3671 936 3742 ad
952 3672 1209 3767 exaugendam
1228 3672 1476 3767 orationem.·,

252 3798 360 3889 Quae
389 3799 492 3870 iussit
519 3798 742 3880 Cornificius,
772 3796 939 3870 Tibullus
960 3815 1109 3871 secutus
1139 3814 1209 3868 est.
1266 3797 1447 3871 Attamen

145 3922 314 4020 exempla
343 3950 419 3997 non
447 3925 498 3996 ita
516 3942 599 3997 sunt
626 3922 810 3998 cumulata
837 3943 876 3998 ut
895 3925 1007 3997 dictio
1025 3924 1174 4018 illepida
1193 3941 1307 4019 atque
1336 3923 1448 3997 inele-

145 4077 239 4146 gans
266 4051 379 4124 fieret.

464 4229 520 4270 αα.
547 4199 780 4295 Anaphorae
810 4197 1132 4270 substantivorum.

252 4414 439 4510 Agricola.
472 4434 612 4502 2‚1,51.
644 4432 711 4501 55:
743 4408 919 4506 Agricola
946 4410 1174 4484 adsidu0...
1202 4414 1369 4509 agricola
1408 4433 1450 4488 et

146 4541 255 4613 minio
289 4541 459 4613 suffusus.
522 4540 649 4609 Annus
690 4560 829 4627 1,4,19:
869 4538 998 4612 Annus
1033 4539 1068 4610 in
1107 4539 1241 4633 apricis
1285 4560 1449 4618 maturat
