3202 5302
793 410 835 487 36

268 619 336 691 Vix
365 620 414 692 ad
442 622 704 717 anastropham
732 624 917 719 pertinere
937 646 1096 721 possunt
1131 651 1197 721 1‚5,
1205 651 1264 721 51:
1295 629 1463 704 Volitent

162 746 304 819 circum.
338 750 478 840 2‚5‚98:
512 749 633 822 Stabit
754 768 851 824 ante.
882 777 1030 845 4‚1,23:
1062 757 1316 853 Pendentique
1334 785 1463 854 super,

157 899 370 968 quanquam
399 900 420 947 a
451 876 604 947 Donato
633 901 701 970 pro
731 881 955 975 anastropha
982 883 1223 956 habebantur.

693 1181 724 1263 β.
769 1176 930 1250 Tmesis

261 1383 342 1457 Hac
372 1387 561 1458 notissima
591 1386 708 1484 figura
735 1388 901 1461 Tibullus
931 1415 1007 1462 non
1036 1393 1101 1465 nisi
1129 1393 1243 1466 semel
1270 1421 1357 1466 usus
1386 1416 1459 1470 est.

161 1514 298 1602 1,3,o8:
329 1512 451 1605 Quam
481 1515 615 1586 circum
646 1516 791 1588 flumina
820 1518 924 1613 nigra
952 1538 1096 1592 sonant.

641 1843 671 1907 γ.
715 1783 952 1887 Parenthesis
999 1871 1003 1879 .

67 2006 69 2011 Ι
152 2028 321 2122 exempla
349 2027 512 2098 invenies
547 2047 687 2119 1‚3,27:
714 2028 829 2114 Nunc,
856 2031 939 2112 dea,
968 2055 1061 2101 nunc
1089 2056 1258 2102 succurre
1286 2032 1373 2104 mihi
1402 2078 1451 2132 .-

150 2178 234 2225 nam
262 2179 379 2249 posse
409 2155 549 2226 mederi
575 2155 674 2250 picta
695 2154 809 2227 docet
828 2155 974 2250 templis
994 2159 1105 2228 multa
1134 2156 1274 2230 tabella
1303 2159 1374 2230 tuis
1404 2165 1463 2213 -’

151 2298 190 2351 ut
311 2286 456 2371 4‚1‚26:
487 2281 562 2354 Seu
589 2282 652 2353 tibi
679 2307 746 2378 par
773 2299 947 2377 poterunt
977 2310 1044 2355 seu
1072 2287 1175 2379 quod
1210 2311 1298 2380 spes
1328 2287 1457 2359 abnuit

150 2406 242 2481 ultra
271 2410 351 2481 sive
381 2411 497 2481 minus
526 2453 575 2461 —--
604 2426 781 2504 certeque
809 2427 946 2482 canent
974 2411 1088 2482 minus
1123 2457 1173 2463 —
1204 2437 1313 2483 omne
1344 2438 1457 2486 vove·

150 2561 229 2607 mus
257 2536 330 2608 hoc
357 2538 429 2608 tibi.
1413 2533 1414 2537 ¹

657 2732 685 2801 ὃ.
730 2728 945 2824 Synchysis

258 2943 463 3017 Collocatio
492 2946 688 3017 verborum
721 2945 821 3039 apud
849 2940 1031 3015 Tibullum
1067 2944 1101 3016 in
1135 2945 1341 3016 universum
1375 2971 1453 3018 non

149 3089 209 3144 est
237 3073 407 3147 obscura.
461 3074 608 3145 Tamen
635 3099 706 3145 non
728 3072 824 3145 nulla
845 3073 893 3144 de
915 3099 961 3145 ea
990 3071 1211 3144 disserenda
1239 3089 1333 3145 sunt.
1391 3074 1454 3146 Ac
1493 3148 1496 3155 ,

148 3200 299 3294 primum
336 3201 483 3294 quidem
517 3217 556 3273 ut
591 3225 720 3272 omnes
755 3200 832 3271 fere
867 3200 1034 3271 eiusdem
1073 3200 1206 3272 aetatis
1245 3200 1454 3294 scriptores

148 3327 197 3398 ita
217 3327 382 3398 Tibullus
403 3350 552 3421 quoque
574 3326 700 3398 studet
719 3325 932 3421 particulam
961 3353 1045 3422 que
1076 3351 1157 3398 cum
1185 3327 1329 3398 verbo
1358 3350 1452 3400 con·

147 3454 314 3548 iungere.
345 3478 480 3545 1‚1,4o:
518 3453 666 3543 Pocula,
696 3453 744 3526 de
771 3452 863 3526 facili
888 3454 1175 3550 composuitque
1199 3456 1283 3525 luto.
1314 3459 1453 3546 1‚6,54.

155 3602 232 3672 1,7,
250 3588 310 3653 62.
358 3608 436 3670 ω,
449 3604 516 3674 51:
559 3583 593 3653 O
637 3598 812 3676 quantum
853 3598 911 3653 est
952 3582 1030 3653 auri
1071 3581 1195 3677 potius
1238 3599 1452 3678 pereatque

147 3710 347 3804 smaragdi.
404 3710 498 3781 Mira
533 3726 634 3782 certe
664 3726 722 3781 est
761 3707 956 3781 collocatio
999 3709 1085 3805 quia
1124 3734 1212 3804 que
1253 3709 1375 3779 ›auri‹
1410 3728 1454 3784 et

152 3837 381 3935 ›smaragdi‹
423 3837 516 3910 inter
556 3863 597 3910 se
638 3837 863 3935 coniungere
906 3838 1031 3910 debet.
1088 3833 1257 3909 Similiter
1304 3842 1453 3928 1‚3,56:
1494 3910 1496 3917 ,

147 3963 361 4037 Messallam
390 3982 488 4037 terra
509 3965 594 4036 dum
616 3965 855 4060 sequiturque
885 3967 984 4039 mari.
1029 3963 1174 4035 Eadem
1200 3961 1452 4038 collocatione

146 4110 353 4165 commotus
372 4111 490 4188 poeta
511 4116 603 4184 1‚4‚2
627 4091 810 4189 particulis
840 4119 894 4165 ne
1015 4116 1169 4186 neque
1199 4115 1268 4186 pro
1301 4116 1354 4162 ne
1481 4118 1491 4131 “

145 4243 277 4290 neve
306 4243 392 4288 usus
420 4233 487 4289 est.
544 4219 759 4292 Geminatur
787 4245 886 4315 que
921 4243 990 4310 1,9.
1006 4243 1067 4292 20:
1109 4217 1372 4314 Asperaquest
1400 4219 1452 4295 illi

146 4345 374 4443 difficilisque
403 4343 543 4418 Venus.

160 4487 163 4491 '
250 4473 471 4547 Pronomina
495 4490 532 4544 et
547 4473 761 4568 particulae,
783 4474 913 4568 quibus
933 4475 1071 4570 primus
1086 4476 1119 4546 in
1136 4474 1321 4546 enuntiato
1340 4471 1448 4549 locus
1486 4464 1496 4577 l

146 4602 334 4679 convenit,
372 4601 589 4697 saepissime
626 4603 675 4674 ad
711 4600 864 4675 alterum
903 4601 963 4675 vel
1005 4603 1150 4674 tertium
1193 4619 1449 4677 removentur.
1483 4578 1496 4679 i

1467 4858 1496 5269 j
