3202 5302
765 333 977 415 *134*

217 531 314 605 seras
347 533 445 606 acies
485 532 593 607 cinxit
633 531 864 604 discordibus
901 531 1008 604 armis
1038 531 1211 626 (milites).
1245 553 1385 622 4,1,99.
1431 531 1524 604 Cer-

217 675 340 734 tamen
373 667 512 753 3‚6,11:
544 660 620 732 Aut
648 661 678 732 si
708 660 788 755 quis
815 659 889 731 vini
917 633 1216 733 certamen'mite
1247 675 1404 732 recusat.
1437 683 1516 750 4‚1‚

218 789 287 862 88:
324 788 462 861 Laudis
492 787 702 861 certamine.
739 788 981 860 Praeconium
1012 806 1181 881 4,1‚177:
1217 787 1301 859 Non
1331 812 1404 884 ego
1434 813 1517 861 sum

216 915 306 989 satis
335 917 384 989 ad
404 934 529 989 tantae
549 916 753 1012 praeconia
773 914 890 988 laudis
917 916 938 991 i.
962 943 994 990 e.
1024 916 1204 988 nonsatis
1232 913 1361 988 laudes
1390 930 1516 989 tantas

216 1046 375 1118 carmine
407 1044 597 1118 celebrare
625 1069 788 1140 possum.
837 1045 912 1117 Pax
945 1066 1112 1138 2‚5‚1o5:
1143 1046 1237 1116 Pace
1265 1061 1329 1117 tua
1355 1062 1516 1140 pereant

218 1197 323 1246 arcus
351 1173 371 1246 i.
401 1200 431 1247 e.
461 1173 491 1245 si
519 1198 588 1268 per
616 1189 653 1244 te
680 1173 813 1246 licitum
841 1175 918 1248 erit.

206 1374 211 1387 ,
322 1301 432 1373 Varia
469 1300 569 1374 addo
610 1302 723 1373 haec:
763 1324 838 1393 3‚4‚
851 1323 919 1395 55:
958 1302 1114 1374 Etcum
1155 1317 1192 1374 te
1233 1300 1336 1373 fusco
1363 1325 1514 1373 somnus
1571 1292 1574 1297 ¹

215 1430 351 1502 velavit
384 1430 518 1503 amictu
553 1430 574 1502 i.
613 1455 645 1502 e.
682 1427 781 1503 velo,
819 1439 981 1519 4,12‚6:
1024 1430 1212 1502 Ardorem
1252 1427 1320 1530 (sc.
1358 1426 1513 1531 amoris)

217 1557 367 1653 cupiens
387 1556 616 1630 dissimulare
637 1572 765 1629 meum.
787 1559 923 1643 2‚1,88:
947 1558 1173 1655 Currumque
1193 1574 1364 1630 secuntur
1382 1558 1511 1631 matris

213 1686 352 1759 lascivo
388 1686 511 1758 sidera
546 1684 641 1757 fulva
675 1686 799 1761 choro,
857 1686 1003 1759 Chorus
1045 1703 1103 1759 est
1144 1686 1309 1758 versatio
1336 1686 1511 1761 siderum.

221 1823 332 1904 1,6,4:
363 1814 514 1887 Insidias
541 1814 679 1887 homini
706 1815 964 1910 composuisse
994 1816 1116 1888 deum.
1150 1818 1291 1906 2,3,46:
1320 1810 1512 1911 Neglegat

213 1942 385 2015 hibernas
418 1943 530 2038 piscis
566 1941 702 2015 adesse
736 1943 849 2016 minas
883 1945 952 2017 ie.
989 1961 1124 2016 ventos
1157 1945 1216 2031 vel
1249 1957 1509 2038 tempestates,

221 2073 360 2163 1‚7‚38:
390 2070 453 2143 Ad
480 2087 601 2143 certos
629 2071 754 2143 nescia
780 2073 943 2145 membra
968 2072 1103 2144 modos
1134 2071 1329 2168 (rTactr),
1362 2095 1508 2163 3‚4,42:

214 2196 339 2285 Edidit
365 2198 458 2272 haec
488 2200 579 2271 dulci
616 2199 730 2271 tristia
767 2200 881 2271 verba
920 2188 1320 2295 modolrllllelodiffl).
1352 2223 1506 2293 4‚1‚172

211 2341 338 2422 partus
373 2328 421 2399 de
450 2327 623 2400 fructibus
651 2344 853 2424 usurpatur.
886 2351 1006 2421 3,1,3:
1043 2328 1147 2400 Nunc
1171 2344 1274 2403 certa
1303 2328 1511 2400 discurrunt

213 2454 372 2550 undique
405 2480 545 2552 pompa
595 2456 654 2530 ie.
685 2456 824 2532 ordine.
879 2480 1024 2550 4,1o‚4:
1066 2457 1314 2551 Pressumque
1353 2456 1509 2552 quasillo

213 2597 371 2661 scortum
400 2609 511 2679 quam
538 2585 643 2658 Servi
683 2583 754 2658 filia
782 2583 954 2681 Sulpicia.
989 2591 1127 2678 1,6,13:
1158 2585 1263 2657 Tunc
1291 2607 1401 2656 sucos
1429 2585 1509 2656 her·

213 2712 359 2806 basque
402 2711 487 2784 dedi
531 2713 905 2786 iemedicamenta.
955 2723 1098 2804 4‚2,16.
1141 2740 1283 2807 3,3‚33:
1328 2711 1443 2785 Adsis
1472 2731 1512 2786 et

215 2838 347 2911 timidis
377 2839 516 2926 faveas,
546 2841 726 2930 Saturnia,
756 2842 852 2914 votis
882 2838 1102 2941 (precibus).
1136 2845 1273 2936 3,4,83.
1293 2848 1428 2936 3‚b,27.
1458 2886 1510 2894 —

219 2976 363 3060 1,9‚46:
393 2968 566 3043 Poteram
594 2969 644 3042 ad
672 2968 828 3067 laqueos
860 2971 1000 3042 cautior
1027 2997 1113 3044 esse
1144 2991 1239 3046 tuos.

512 3271 551 3344 C.
593 3268 893 3344 'translationes
921 3273 1211 3345 adiectivornm.

318 3484 512 3558 Adiectiva
546 3500 584 3558 ut
612 3512 634 3558 a
661 3483 850 3582 plerisque
879 3486 1002 3582 poetis
1031 3487 1081 3559 ita
1109 3512 1131 3558 a
1159 3482 1306 3557 Tibullo
1335 3483 1509 3579 saepissi-

211 3639 271 3686 me
299 3611 475 3687 translata
504 3629 598 3689 sunt.
654 3613 836 3710 Exempla
862 3630 947 3687 sunt
973 3615 1082 3686 haec:

321 3740 489 3814 Crudelis
520 3763 665 3835 3495:
695 3742 803 3815 Haec
833 3743 926 3815 deus
955 3743 991 3814 in
1019 3741 1144 3815 melius
1174 3741 1337 3815 crudelia
1365 3740 1510 3814 somnia

211 3885 339 3942 vertat.
385 3870 501 3944 Ferus
534 3894 677 3965 2,3,37:
707 3870 853 3943 Praeda
881 3872 980 3943 feras
1009 3871 1111 3944 acies
1140 3872 1248 3943 cinxit
1276 3869 1508 3943 discordibus

213 3998 333 4072 armis.
373 4019 535 4092 2,5,1o3.
573 4002 645 4084 2,6,
656 4020 691 4092 5.
730 4020 864 4091 3‚4,74,
899 3999 1043 4072 Saevus
1088 4004 1236 4092 1‚6,37:
1272 3999 1358 4072 Non
1391 4023 1509 4070 saeva

211 4149 345 4200 recuso
373 4126 540 4198 verbera.
576 4129 846 4220 1‚1‚18.1,2‚5.
874 4131 1005 4221 1‚3,48.
1033 4150 1163 4220 1‚5‚13.
1191 4130 1507 4217 1,8‚62.1‚10,65.

215 4259 325 4345 2‚4‚6.
357 4260 493 4348 3,4‚65.
528 4274 667 4346 4‚1,71.
699 4279 866 4347 4‚1‚144.
922 4255 1090 4330 Demens
1123 4261 1293 4348 1,1o,56:
1330 4255 1414 4326 Flet
1440 4254 1509 4326 sibi

211 4382 407 4456 dementes
428 4398 501 4456 tam
522 4382 678 4456 valuisse
699 4409 834 4456 manus.
854 4386 1004 4458 Insanus
1029 4410 1143 4478 2,4‚9:
1161 4385 1270 4457 Stare
1292 4381 1349 4454 vel
1369 4383 1505 4454 insanis

212 4527 339 4592 cautes
370 4512 532 4592 obnoxia
558 4513 688 4591 ventis.
724 4515 858 4603 2‚6,18.
905 4512 1238 4610 Rapidus1,2,40:
1268 4514 1301 4585 Is
1321 4513 1508 4586 Venerem
