3202 5302
782 381 821 446 45

696 457 703 464 ι
708 460 790 466 ----—
794 460 906 466 —.----

144 586 259 659 cinxit
276 586 510 659 discordibus
536 581 654 658 armis.
687 607 785 674 3‚2‚2
793 605 834 674 5:
866 585 911 654 Et
931 583 1046 653 nostri
1066 607 1252 655 memores
1279 581 1450 656 lacrimae

145 714 348 787 fundantur
376 714 522 784 eodem.
553 733 698 802 4,1,13:
737 711 857 782 Laeta
885 711 1108 783 Molorcheis
1137 711 1262 806 posuit
1296 712 1451 806 vestigia

147 842 273 916 tectis.
302 863 448 933 4,5‚12:
495 839 602 910 Tunc
630 863 764 934 precor
793 839 937 922 infidos,
964 855 1106 927 sancte,
1136 839 1301 933 relinque
1329 836 1448 913 focos.

146 970 189 1043 ln
229 970 396 1043 omnibus
438 968 494 1039 his
523 965 703 1061 exemplis
732 968 785 1040 rei
814 968 1036 1039 inanimatae
1065 967 1258 1062 epitheton
1287 967 1452 1039 tribuitur

149 1099 255 1194 quod
296 1097 345 1169 ad
391 1096 611 1168 animantem
661 1111 823 1189 spectat.
882 1093 1016 1166 Similia
1060 1095 1245 1167 enuntiata
1287 1096 1451 1167 invenies

152 1231 301 1318 3‚6,3r:
333 1224 385 1297 At
413 1248 481 1294 nos
510 1248 664 1294 securae
695 1222 896 1294 reddamus
917 1238 1085 1317 tempora
1114 1247 1277 1295 mensae.
1307 1225 1448 1315 4‚1,83:

152 1353 240 1445 Qua
266 1352 403 1425 deceat
432 1367 545 1422 tutam
575 1351 705 1421 castris
734 1352 964 1445 praeducere
990 1349 1142 1423 fossam.
1174 1356 1296 1442 3‚2‚ro
1325 1377 1453 1423 manus

149 1482 234 1579 pias
263 1480 349 1553 dicit
367 1479 485 1574 iisque
505 1478 612 1572 igitur
631 1478 756 1549 tribuit
776 1477 875 1572 quod
896 1478 1052 1549 hominis
1073 1495 1140 1550 est.
1190 1477 1309 1551 Etiam
1332 1504 1451 1551 annos

151 1609 334 1681 fecundos
370 1622 478 1678 vocat
508 1629 680 1696 4,1,113,
717 1630 938 1700 quamquam
987 1605 1068 1677 anni
1118 1603 1236 1678 solum
1288 1605 1452 1680 efficiunt

153 1751 194 1807 ut
223 1708 330 1807 ¹terra
366 1733 526 1806 fecunda
561 1733 617 1806 sit.
669 1734 804 1816 1,8‚18:
850 1732 983 1804 Tacito
1025 1751 1195 1828 tempore
1222 1735 1342 1806 noctis
1383 1761 1451 1830 pro

156 1879 350 1958 »ternpore
370 1862 506 1933 tacitae
524 1861 654 1932 noetis.
687 1862 821 1952 2,5,8r.
839 1884 889 1949 90
916 1861 1085 1933 flammae
1113 1886 1243 1937 sacrae
1272 1862 1450 1934 dicuntur.

151 1996 275 2081 4‚6‚1:
319 1987 459 2062 Natalis
485 1988 587 2083 Juno,
617 2004 767 2060 sanctos
796 2013 890 2082 cape
930 1988 1017 2060 turis
1056 2012 1226 2062 acervos,
1284 1990 1451 2084 l·leynius

150 2118 348 2191 e'duobus
367 2117 465 2189 libris
498 2141 691 2188 acervos
721 2116 754 2187 iu
782 2116 868 2187 hon
881 2140 986 2188 ores
1008 2117 1232 2207 emendavit,
1264 2118 1349 2213 quia
1368 2117 1449 2189 huic

153 2245 274 2318 verbo
294 2244 485 2340 epitheton
508 2258 702 2315 »sanctus«
727 2244 1038 2316 accommodatius
1054 2271 1140 2317 esse
1156 2246 1322 2340 putabat.
1380 2245 1449 2316 Ac-

148 2373 255 2445 cedit
289 2372 390 2467 quod
429 2372 517 2444 turis
559 2372 724 2443 honores
773 2393 891 2464 t‚7‚53
937 2388 1278 2445 commemorentur.
1332 2372 1452 2464 Quam

147 2502 197 2573 ob
227 2525 305 2573 rem
343 2499 494 2572 mutatio
535 2499 701 2593 quamvis
730 2523 800 2570 non
820 2500 1042 2585 necessaria,
1073 2523 1148 2571 non
1168 2501 1276 2595 plane
1307 2515 1365 2572 est
1392 2527 1452 2573 ne-

148 2626 339 2724 gligenda.

271 2920 303 2972 2.
347 2898 591 2994 Figurae
634 2924 774 2994 quae
818 2899 1148 2971 adiectione
1191 2899 1345 2971 siunt.

474 3161 507 3205 α.
539 3133 777 3207 Abundantia
806 3133 866 3206 vel
896 3131 1145 3229 pleonasmus.

261 3360 499 3433 Pleonasmus
535 3378 653 3431 utrum
689 3378 818 3456 tropus
854 3381 958 3436 esset
993 3387 1129 3450 necue,
1173 3363 1268 3434 iuter
1303 3381 1450 3435 veteres

151 3489 324 3560 rhetores
354 3489 501 3560 dubium
532 3504 621 3560 erat.
675 3488 768 3560 Sunt
802 3491 862 3584 qui
899 3517 982 3563 eum
1019 3508 1167 3586 tropum
1207 3516 1292 3562 esse
1332 3491 1451 3563 existi-

152 3630 252 3687 ment
280 3630 318 3685 ut
346 3614 502 3711 Trypho
532 3613 687 3710 aliique;
725 3617 857 3689 rectius
887 3617 1139 3690 Volkmaunus
1167 3624 1217 3713 (p.
1250 3626 1339 3713 393)
1369 3647 1452 3692 eum

153 3741 249 3813 inter
263 3740 399 3834 figuras
417 3744 677 3838 grammaticas
694 3763 875 3819 numerat.
933 3747 1182 3829 Pleonasmus,
1212 3763 1251 3819 ut
1268 3747 1317 3818 ait
1341 3747 1453 3838 Quin-

153 3869 296 3941 tilianus
324 3870 387 3955 lx,
420 3877 520 3962 346,
550 3887 608 3943 est
637 3873 830 3944 abundans
861 3900 974 3966 super
1015 3876 1278 3947 necessitatem
1320 3877 1450 3948 oratio.

154 3998 289 4068 Verum
318 3996 355 4068 id
384 4023 464 4069 cum
494 4024 724 4094 supervacua
761 4018 937 4072 oneratur
966 4001 1194 4086 adiectione,
1229 4003 1352 4075 vitium
1382 4021 1452 4089 est,

153 4147 236 4195 curn
278 4141 394 4220 auget
437 4140 498 4196 aut
539 4127 750 4198 manifestat
796 4128 1035 4213 seutentiam,
1085 4129 1207 4204 virtus.
1289 4129 1452 4203 Tibullus

156 4276 306 4346 quoque
350 4252 483 4323 eadem
527 4252 603 4326 fere
646 4253 821 4328 nonnullis
862 4252 955 4326 locis
997 4254 1053 4327 bis
1096 4257 1191 4344 dicit,
1234 4258 1453 4353 praesertim

153 4404 234 4449 curn
263 4380 378 4449 verba
407 4384 642 4475 properandi,
673 4383 834 4470 tacendi,
872 4381 1016 4456 celandi
1051 4384 1235 4458 adhibeat.
1278 4395 1449 4475 4,1,1oo:

152 4506 229 4583 Seu
257 4503 358 4579 celer
386 4507 560 4583 hibernas
589 4527 768 4613 properat
803 4513 998 4588 decurrere
1037 4515 1148 4589 luces,
1185 4535 1357 4607 1,1o‚34:
1388 4515 1451 4594 Im-
