3202 5302
752 379 755 385 ·
792 339 809 403 7

694 415 905 423 Μ*-

612 535 643 639 Ι.
700 534 785 640 De
823 535 991 673 tropis,

256 808 403 903 Tropus
424 834 446 881 a
465 806 685 900 Quintiliano
715 809 805 898 VIII,
828 815 884 898 6,1
910 810 961 881 ita
988 809 1168 881 definitur:
1208 809 1357 904 Tropus
1386 824 1445 881 θεῖ

147 934 250 1008 verbi
285 939 343 1008 vel
380 937 559 1009 sermonis
595 963 617 1010 a
652 939 803 1034 propria
840 918 1107 1033 significatione
1141 944 1175 1009 in
1214 933 1320 1008 aliam
1363 946 1443 1010 cum

147 1064 281 1136 virtute
318 1065 478 1138 mutatio
544 1063 674 1139 Melius
711 1066 896 1139 Charisius
926 1066 1026 1140 dicit:
1067 1066 1216 1160 Tropus
1245 1079 1304 1136 θεῖ
1331 1063 1442 1137 dictio

147 1191 325 1265 translata
352 1194 504 1289 propria
519 1194 781 1289 significatione
809 1193 858 1265 ad
877 1219 950 1266 non
969 1192 1156 1290 propriam
1175 1190 1442 1265 similitudinem

147 1322 427 1394 necessitudinis
466 1340 529 1395 aut
561 1321 676 1395 cultus
714 1323 844 1418 gratia.
911 1322 1126 1395 Cornificius
1164 1337 1202 1393 et
1237 1338 1366 1417 tropos
1404 1337 1444 1395 et

146 1452 283 1548 figuras
303 1451 633 1524 exornationes
662 1448 825 1547 appellat
843 1447 910 1551 (ad
930 1451 1093 1523 Herenn.
1113 1449 1173 1536 IV,
1199 1448 1335 1552 13,18)‚
1362 1476 1443 1522 cum

151 1580 288 1651 Cicero
309 1596 437 1675 tropos
457 1605 479 1651 a
498 1579 622 1676 figuris
642 1579 850 1677 distinguat.
892 1578 1007 1680 (Brut.
1028 1589 1121 1670 17,6.
1146 1579 1286 1652 Orator
1304 1577 1443 1677 24,81).

254 1707 314 1779 De.
342 1733 491 1780 numero
521 1734 663 1804 genere
692 1708 821 1802 specie
859 1723 1050 1804 troporum
1086 1723 1235 1780 veteres
1263 1733 1444 1804 gramma-

146 1836 208 1908 tici
245 1834 356 1908 valde
397 1837 491 1908 inter
527 1863 569 1909 εθ
617 1836 844 1910 dissentiunt.
914 1835 1154 1930 Quintilianus
1203 1835 1350 1909 uberius
1392 1836 1440 1909 de

147 1965 442 2060 quattuordecim
475 1964 689 2060 disputavit,
719 1964 767 2036 de
795 1966 1033 2061 metaphora,
1064 1965 1322 2060 synecdoche,
1352 1981 1440 2038 met·

147 2093 309 2188 onymia,
349 2093 623 2178 antonomasia,
660 2094 960 2188 onomatopoeia,
989 2094 1204 2179 catachresi,
1233 2091 1440 2189 metalepsi,

147 2223 326 2318 epithet0,
356 2223 541 2318 allegoria,
571 2222 790 2316 aenigmate,
818 2222 949 2312 ironia,
978 2223 1194 2319 periphrasi,
1220 2222 1439 2318 hyperbat0,

144 2344 364 2447 hyperbole.
407 2351 569 2423 Eosdem
589 2351 667 2422 fere
690 2350 875 2423 Charisius
903 2352 1063 2448 praebet
1082 2351 1208 2423 addita
1235 2351 1440 2424 homoeosi.

145 2481 304 2574 Trypho
325 2495 453 2552 contra
474 2478 665 2550 XXXVIII
684 2478 854 2569 nominat,
877 2505 986 2576 quem
1006 2490 1191 2552 numerum
1210 2480 1441 2574 posteriores

146 2625 336 2681 auxerunt.
393 2581 471 2680 Sed
499 2607 535 2679 hi
563 2609 674 2679 multa
702 2632 770 2703 pro
798 2609 913 2704 tropis
940 2609 1147 2680 habuerunt
1175 2633 1272 2703 quae
1305 2606 1363 2681 vel
1392 2610 1441 2681 ad

143 2738 280 2832 figuras
319 2736 504 2832 pertinent
538 2735 601 2808 vel
638 2736 787 2809 omnino
823 2736 917 2809 inter
958 2753 1089 2832 tropos
1133 2737 1316 2834 figurasve
1366 2761 1440 2809 non

143 2882 229 2937 sunt
256 2866 491 2937 numeranda.
546 2865 723 2937 Ordinem
752 2890 950 2960 sequemur
978 2891 1089 2961 quem
1122 2864 1364 2958 Quintilianus
1391 2864 1439 2937 in-

144 2995 269 3067 stituit.
339 2996 509 3065 Putamus
548 3011 671 3065 autem
715 2993 951 3088 hyperbaton
988 2993 1092 3089 quod
1125 2994 1184 3066 ille
1221 3018 1289 3089 pro
1326 3010 1436 3089 tropo

142 3122 270 3196 habuit
297 3120 426 3194 melius
452 3122 547 3196 inter
560 3123 697 3220 figuras
716 3122 914 3194 verborum
942 3122 1124 3195 numerari
1147 3120 1195 3195 de
1219 3147 1292 3217 quo
1307 3137 1441 3217 postea

144 3252 322 3326 dicemus

253 3379 380 3475 Atque
408 3380 584 3475 princeps
611 3396 741 3475 tropus
769 3395 829 3452 θεῖ

401 3682 430 3731 1.
487 3655 783 3731 Translatio
825 3655 901 3729 vel
942 3657 1201 3753 μεταφορὰ.

254 3872 376 3962 Quint.
419 3873 512 3958 Vlll,
529 3881 615 3964 6,4:
673 3872 886 3968 Incipiamus
927 3870 1037 3966 igitur
1079 3875 1125 3944 ab
1169 3897 1215 3945 eo
1259 3873 1320 3968 qui
1360 3899 1441 3945 cum

145 4002 461 4096 frequentissimus
504 4016 562 4074 θεῖ
602 4018 678 4073 tum
719 3999 833 4098 longe
875 4000 1159 4097 pulcherrimus,
1202 4002 1441 4074 translatione

146 4131 245 4219 dic0,
275 4155 372 4225 quae
391 4129 578 4225 μεταφορὰ
599 4129 746 4200 Graece
775 4145 941 4200 vocatur.
983 4127 1092 4221 Quae
1122 4129 1268 4225 quidem
1291 4155 1372 4201 cum
1391 4131 1442 4203 ita

146 4275 206 4331 est
232 4259 279 4329 ab
315 4258 397 4353 ipsa
431 4257 536 4329 nobis
568 4283 749 4330 concessa
782 4272 922 4347 natura,
957 4274 997 4329 ut
1031 4257 1168 4330 indocti
1208 4281 1358 4352 quoque
1398 4284 1441 4330 ac
1540 4346 1543 4351 Ι

146 4413 220 4459 non
249 4387 451 4459 sentientes
479 4410 525 4457 ea
554 4387 768 4482 frequenter
796 4400 954 4458 utantur:
983 4401 1059 4458 tum
1073 4385 1124 4457 ita
1151 4385 1308 4457 iucunda
1328 4400 1441 4480 atque

145 4517 261 4594 nitida
287 4532 326 4587 ut
353 4516 571 4590 irroratione
600 4541 710 4613 quam
730 4513 820 4590 libet
846 4512 956 4605 clara,
984 4515 1137 4617 proprio
1166 4530 1288 4594 tamen
1310 4511 1440 4597 lumine
