3202 5302
800 379 819 438 8

160 590 314 666 eluceat.
356 592 490 688 Neque
506 591 601 663 enim
626 590 790 689 vulgaris
816 618 903 664 esse
927 617 1048 689 neque
1072 590 1212 666 hurnilis
1241 620 1311 667 nec
1333 596 1457 669 insua-

159 722 213 794 vis
256 739 358 794 recte
401 721 517 793 modo
549 719 665 792 ascita
697 737 836 815 potest.
901 720 1058 816 Copiam
1091 747 1241 817 quoque
1278 727 1463 798 sermonis

161 865 277 945 auget
304 848 550 946 permutando
571 864 635 920 aut
657 848 869 931 mutuando,
898 874 995 942 quae
1024 874 1097 920 non
1123 850 1250 929 habet.
1281 854 1461 948 quodque

163 975 406 1050 difficillimum
436 994 507 1063 est,
536 992 712 1072 praestat,
741 1002 786 1048 ne
815 975 874 1048 ulli
894 978 946 1048 rei
967 1003 1100 1049 nomen
1122 979 1258 1050 deesse
1277 981 1460 1056 videatur.

161 1106 397 1179 Transfertur
435 1130 527 1203 ergo
571 1130 705 1177 nomen
743 1121 806 1177 aut
842 1107 992 1178 verbum
1020 1133 1067 1177 ex
1100 1131 1147 1177 eo
1186 1104 1273 1178 loco
1313 1110 1346 1179 in
1382 1135 1460 1205 quo

160 1236 347 1331 proprium
377 1249 434 1307 est
462 1234 497 1306 in
526 1259 608 1305 eum
638 1234 672 1304 in
704 1258 778 1328 quo
808 1250 870 1305 aut
897 1235 1082 1329 proprium
1112 1235 1220 1307 deest
1249 1254 1309 1307 aut
1338 1254 1457 1311 trans-

159 1361 273 1436 latum
301 1363 453 1458 proprio
482 1360 610 1434 melius
640 1378 710 1434 est.
757 1361 797 1432 Id
825 1362 974 1434 facimus
1003 1379 1064 1433 aut
1092 1364 1178 1457 quia
1197 1390 1355 1438 necesse
1383 1387 1457 1456 est,

159 1509 223 1565 aut
250 1491 336 1588 quia
362 1490 625 1586 significantius
655 1506 712 1561 est
732 1506 794 1562 aut
813 1491 899 1586 quia
917 1491 1118 1562 decentius.
1160 1492 1303 1583 Quibus
1329 1497 1459 1570 verbis

159 1617 369 1714 Quintiliani
388 1644 498 1714 quum
521 1618 661 1690 addere
683 1616 819 1712 aliquid
840 1619 900 1689 vix
923 1620 1119 1713 possimus,
1150 1622 1198 1691 ad
1218 1622 1319 1716 ipsas
1339 1641 1456 1696 trans-

157 1744 314 1820 lationes
353 1772 446 1842 quas
473 1745 633 1841 praebet
660 1743 824 1818 Tibullus
853 1747 1056 1819 transimus

498 2049 541 2123 Α.
582 2045 879 2122 Translationes
904 2050 1122 2120 verborum.

267 2265 351 2338 Hae
379 2263 638 2337 translationes
665 2265 713 2335 ad
742 2281 799 2336 tot
826 2264 941 2335 verba
967 2261 1152 2356 pertinent
1179 2278 1218 2333 ut
1252 2265 1452 2359 generibus

158 2418 226 2466 eas
253 2392 421 2466 illustrari
449 2393 506 2465 vix
525 2393 721 2488 possimus.
766 2391 888 2486 Quam
909 2390 1050 2468 obrem
1071 2389 1236 2468 ordinem
1258 2416 1453 2496 sequemur

157 2520 193 2592 in
219 2519 348 2594 literas
379 2523 574 2621 digestum.

265 2650 515 2728 Abscondere
545 2676 718 2754 4‚1‚154:
762 2654 889 2742 Denta
913 2652 1020 2746 ¹tellus
1053 2674 1290 2752 absconditur
1324 2681 1452 2757 umbra

157 2777 178 2851 i.
208 2803 240 2851 e.
272 2781 468 2879 obtegitur.
498 2824 549 2842 -·
578 2782 786 2889 Accingere
816 2818 994 2890 4‚r,179:
1037 2802 1108 2894 Qui
1140 2808 1260 2900 possit
1304 2813 1447 2908 magnis

159 2929 201 2977 se
228 2907 426 3003 accingere
447 2910 566 2987 rebus.
626 2917 775 3019 Valgius
795 2943 909 3020 poeta
936 2932 1076 3028 magnis
1105 2935 1215 3007 rebus
1234 2963 1275 3008 se
1296 2940 1454 3036 accingit

158 3048 198 3105 ut
238 3031 342 3107 miles
386 3065 486 3114 ense.
553 3044 775 3147 Succingere
821 3060 964 3149 3,4‚89:
1012 3060 1209 3158 Scyllaque
1252 3065 1453 3161 virgineam

75 3264 79 3275 ι
156 3159 309 3234 canibus
352 3168 535 3242 succincta
577 3174 728 3270 figuram
768 3181 789 3254 i.
833 3209 867 3255 e.
912 3185 1149 3263 circumdata.
1191 3237 1242 3248 -ω
1286 3195 1452 3292 Alfigere

164 3291 313 3380 1,3‚87:
358 3292 412 3366 At
438 3297 536 3371 circa
562 3304 734 3396 gravibus
763 3311 889 3404 pensis
918 3313 1028 3390 affixa
1056 3317 1178 3416 puella
1206 3320 1224 3393 i.
1253 3349 1285 3398 e.
1325 3318 1453 3398 labore

157 3414 352 3494 detinetur.
403 3434 553 3512 1,6‚61.
594 3475 646 3484 -
686 3434 876 3516 Advolare
918 3466 1083 3538 2,2,17:
1135 3451 1255 3524 Viden
1292 3468 1328 3526 ut
1361 3469 1452 3529 stre·

156 3542 353 3638 pitantibus
392 3554 544 3630 advolet
580 3557 750 3643 alis
787 3598 861 3644 non
890 3576 987 3672 avis,
1025 3578 1094 3655 sed
1122 3578 1250 3656 Amor.
1309 3584 1449 3660 Alflare

160 3676 305 3760 2,1‚80:
346 3678 413 3752 Cui
450 3681 615 3779 placidus
650 3696 780 3775 leniter
815 3704 914 3781 afflat
948 3712 1072 3785 Amor.
1114 3733 1240 3809 2‚4,57
1274 3714 1373 3790 idem
1401 3716 1449 3790 de

155 3796 305 3876 Venere
336 3807 475 3886 dicitur.
527 3816 857 3925 Volitare1,5‚51:
893 3836 1001 3914 Hanc
1031 3840 1184 3917 volitent
1212 3847 1353 3923 animae
1385 3843 1449 3924 cir-

154 3950 235 4001 cum
263 3956 329 4007 sua
358 3935 434 4010 sata
461 3965 671 4038 querentes.
711 3968 1098 4068 2,5,39.-—Agitare
1131 3999 1280 4070 3‚4,59:
1325 3982 1451 4054 Diver-

152 4078 289 4151 sasque
319 4088 404 4138 suas
434 4070 551 4166 agitat
570 4101 671 4154 mens
691 4083 801 4182 impia
831 4117 947 4172 curas.
1001 4097 1159 4195 Agitare
1186 4111 1336 4204 proprie
1365 4112 1451 4187 dici-

151 4194 207 4254 tur
228 4183 275 4258 de
297 4188 382 4264 feris
401 4197 614 4282 excitandis.
643 4254 693 4266 —-
723 4213 904 4312 Aspirare
928 4248 1067 4319 2‚1,35:
1099 4231 1179 4307 Huc
1199 4236 1291 4313 ades
1313 4243 1449 4339 aspira-

151 4334 223 4404 que
251 4315 337 4457 nnhr
365 4345 386 4395 1.
406 4349 437 4398 e.
470 4326 602 4405 adiuva
631 4362 701 4415 rne.
737 4365 875 4437 2,3‚71.
917 4350 1112 4448 Suspirare
1140 4367 1274 4458 r‚6,35.
1304 4393 1451 4463 4‚5,112

149 4437 318 4536 Suspirat
337 4474 483 4526 amores
502 4456 521 4529 i.
542 4484 573 4532 e.
594 4463 795 4546 desiderat.
819 4518 869 4531 -
893 4478 1076 4578 Augurari
1102 4512 1243 4577 2,2,11:
1272 4496 1451 4596 Auguror·

146 4588 168 4642 ι.
190 4592 220 4643 e.
250 4573 391 4674 opinor,
422 4584 542 4661 uxoris
570 4588 665 4672 fidos
697 4601 848 4695 optabis
876 4631 1035 4707 amores,
1066 4660 1118 4670 -
1148 4617 1278 4697 Bibere
1303 4651 1446 4723 2,1‚43:·
