3202 5302
840 360 879 419 16

753 449 962 457 --—-—---0

206 598 339 669 4‚1,90.
361 581 500 668 4,11,6.
533 620 582 629 —-
611 574 752 647 Creber
787 592 926 667 1‚7‚17:
955 571 1005 644 Ut
1023 569 1152 644 volitet
1181 575 1330 647 crebras
1364 575 1508 649 intacta

206 729 275 800 per
306 707 425 777 urbes.
480 704 602 775 Rarus
642 725 797 795 3‚4,47:
842 702 944 776 Artis
973 725 1067 797 opus
1097 727 1213 777 rarae.
1252 747 1302 756 -
1342 702 1510 776 Difficilis

206 832 248 903 cs.
276 831 413 928 Asper.
450 854 582 923 1‚9,2o.
614 874 662 884 —
694 830 805 903 Levis
831 848 967 923 1‚1‚73:
998 829 1103 902 Nunc
1122 831 1211 902 levis
1232 848 1292 902 est
1312 831 1508 905 tractanda

207 959 346 1034 Venus.
382 969 512 1053 1,6‚5o.
545 982 675 1050 1,9‚40.
719 959 857 1031 Tenuis
887 983 1027 1052 3‚1‚11:
1057 958 1281 1054 Summaque
1310 976 1510 1055 praetexat

207 1089 325 1160 tenuis
354 1087 501 1186 fastigia
521 1089 683 1161 chartae.
716 1111 827 1180 3‚2‚9.
876 1088 1027 1159 Humilis
1055 1110 1175 1178 4‚1‚4:
1213 1085 1366 1161 Humilis
1395 1089 1510 1161 tantis

208 1216 274 1289 sim
310 1216 485 1289 conditor
527 1217 631 1290 actis.
667 1261 717 1270 -
748 1216 861 1287 Purus
897 1236 1048 1307 1,5‚rrz
1100 1215 1260 1311 Ipseque
1304 1232 1340 1286 te
1371 1217 1509 1288 circum

208 1344 357 1416 lustravi
399 1344 533 1417 sulfure
575 1369 682 1441 puro.
733 1352 880 1436 1,3‚26.
928 1362 1183 1435 r,1o,24.27.
1230 1362 1352 1433 2‚2,7.
1411 1344 1507 1419 Ater

215 1494 326 1563 1,3,4:
358 1471 560 1546 Abstineas
590 1474 732 1561 avidas,
760 1474 863 1545 Mors
891 1496 1026 1567 precor
1055 1488 1143 1556 atra,
1173 1498 1308 1545 manus.
1344 1495 1470 1565 1,1o,3
1479 1498 1510 1565 3.

211 1600 401 1672 Candidus
431 1606 541 1693 3‚6‚1:
581 1601 750 1673 Candide
778 1600 900 1684 Liber,
930 1602 1033 1674 ades,
1067 1606 1198 1693 3,6,30.
1231 1622 1368 1692 4‚4,17.
1413 1600 1510 1673 Cae-

210 1730 307 1799 rulus
342 1734 483 1820 1,5‚462
515 1730 672 1802 Vectast
699 1731 843 1802 frenato
874 1728 1022 1801 caerula
1051 1730 1155 1824 pisce
1176 1728 1317 1802 Thetis.
1366 1727 1511 1800 Luteus

212 1878 327 1947 3,1‚9:
356 1857 475 1929 Lutea
502 1859 571 1929 sed
600 1858 745 1930 niveum
772 1859 934 1930 involvat
962 1860 1176 1930 membrana
1201 1855 1369 1932 libellum.
1412 1857 1511 1950 Myr-

210 2000 292 2056 teus
323 1988 463 2076 3‚4,28:
491 1985 662 2059 Stillabat
691 1987 798 2082 Syrio
828 2003 971 2080 myrtea
999 2012 1082 2057 rore
1114 2011 1230 2058 coma.
1263 2029 1311 2038 --
1342 1985 1512 2058 suffusus

215 2133 362 2205 2,1,55:
406 2113 587 2210 Agricola
629 2130 668 2186 et
694 2114 803 2186 minio
843 2115 1020 2199 suffusus,
1052 2114 1220 2202 Bacche,
1264 2114 1418 2186 rubenti.
1462 2159 1504 2168 -

211 2238 359 2312 Aureus
402 2248 541 2334 1,6‚58:
585 2244 648 2314 Me
682 2258 806 2314 movet
842 2259 952 2338 atque
991 2244 1063 2314 iras
1106 2268 1217 2314 aurea
1258 2242 1364 2313 vincit
1404 2267 1509 2313 anus,

216 2391 351 2460 2‚1‚45.
410 2369 570 2442 Ferreus
607 2394 745 2454 r‚1o,2:
788 2370 909 2462 Quam
946 2371 1043 2442 ferus
1080 2387 1118 2442 et
1154 2397 1245 2442 vere
1281 2369 1422 2442 ferreus
1451 2368 1512 2442 ille

212 2496 288 2569 fuit.
323 2520 433 2589 2,3,2.
466 2520 523 2591 35.
555 2522 666 2590 3,2,2.
705 2545 755 2553 —
789 2501 929 2572 Firmus
961 2520 1076 2593 3‚2‚5:
1109 2499 1193 2571 Non
1223 2523 1297 2595 ego
1328 2497 1448 2570 firmus
1479 2498 1515 2569 in

213 2624 296 2696 hoc.
326 2669 375 2678 —·-
405 2626 569 2699 Securus
608 2651 750 2720 3,4›54:
795 2628 903 2719 Quae
939 2629 1003 2700 tibi
1040 2652 1192 2699 securos
1227 2651 1300 2698 non
1339 2625 1423 2698 sinit
1458 2625 1513 2697 ire

215 2752 306 2825 dies.
336 2798 387 2810 —
417 2753 540 2851 Fortis
573 2764 718 2844 2‚6‚12:
749 2756 941 2829 Excutiunt
961 2759 1107 2828 clausae
1129 2756 1236 2828 fortia
1255 2755 1370 2825 verba
1399 2754 1514 2826 fores,

215 2880 349 2954 Audax
379 2885 547 2976 4‚1,138:
586 2884 705 2956 Gallia
733 2910 800 2957 nec
835 2886 916 2957 latis
950 2886 1069 2956 audax
1099 2883 1278 2979 Hispania
1312 2881 1429 2953 terris
1460 2926 1510 2936 ---

213 3009 335 3082 Irritus
381 3034 539 3103 2‚3‚22:
591 3014 699 3086 Venit
738 3030 776 3087 et
817 3013 1013 3109 atemplis
1056 3014 1154 3085 irrita
1197 3013 1303 3082 turba
1346 3009 1509 3083 domum.

216 3137 343 3210 Fallax
366 3159 482 3232 3‚4,7:
511 3141 662 3214 Somnia
683 3142 801 3214 fallaci
820 3140 947 3213 ludunt
971 3141 1167 3212 temeraria
1186 3156 1306 3210 nocte.
1351 3139 1516 3209 Mendax

219 3290 362 3359 3‚4‚12;
390 3269 564 3340 Mendaci
584 3295 716 3341 somno
738 3271 891 3341 credere
911 3269 988 3339 sive
1008 3267 1144 3342 volent.
1190 3267 1354 3339 Furtivus
1382 3290 1410 3349 1,
1416 3283 1473 3358 5‚7
1481 3287 1514 3357 5:

218 3394 446 3491 Nescioquid
482 3397 632 3469 furtivus
672 3422 776 3469 amor
810 3413 925 3492 parat.
968 3400 1104 3491 J,8‚57.
1146 3416 1277 3488 1,9,55,
1388 3393 1512 3466 Verus

220 3544 364 3615 3,4,5o:
405 3523 593 3621 Quodque
621 3526 715 3599 deus
744 3551 832 3598 vero
862 3526 1039 3621 Cynthius
1069 3550 1133 3597 ore
1163 3524 1292 3597 feram.
1320 3566 1368 3575 -
1398 3522 1515 3594 Sonti-

219 3675 284 3724 cus
327 3654 400 3740 1,8‚
410 3675 479 3744 51:
515 3654 599 3726 Non
634 3653 681 3727 illi
715 3656 858 3727 sontica
894 3669 1051 3726 causast.
1098 3698 1140 3707 -
1168 3651 1330 3725 Celeber
1361 3673 1433 3738 2‚1,
1444 3672 1515 3742 33:

218 3777 349 3853 Gentis
372 3780 582 3877 Aquitanae
612 3781 761 3856 celeber
786 3781 964 3856 Messalla
992 3783 1187 3879 triumphis
1220 3781 1356 3872 3‚2,28.
1377 3801 1516 3870 4‚4‚21.

221 3953 270 3961 —
309 3909 451 3981 Doctus
488 3931 630 4002 2‚1‚70:
673 3913 793 4006 Quam
828 3914 962 3985 doctas
1004 3935 1097 3984 nunc
1138 3912 1251 3981 habet
1281 3906 1340 3978 ille
1374 3932 1516 3978 manus.

223 4059 359 4128 2,3‚20.
389 4036 545 4112 Nescius
581 4045 716 4132 1‚7‚38:
752 4042 868 4113 Movit
895 4057 932 4113 et
961 4042 1009 4112 ad
1037 4054 1157 4111 certos
1185 4036 1313 4108 nescia
1351 4035 1518 4106 membra

220 4165 364 4237 modos.
408 4164 545 4238 Stultus
576 4192 712 4261 1‚4‚34:
742 4171 972 4242 Maerentem
1000 4164 1134 4239 stultos
1157 4164 1391 4262 praeteriisse
1422 4161 1517 4234 dies

219 4292 371 4388 lneptus
401 4317 545 4384 4,10‚2:
589 4296 646 4368 Ne
677 4296 771 4370 male
801 4299 928 4393 inepta
964 4298 1108 4369 cadam.
1143 4339 1189 4349 -
1219 4294 1341 4365 Mutus
1374 4297 1519 4381 2‚6,34:

222 4419 270 4491 Et
304 4445 386 4492 mea
423 4445 506 4495 cum
541 4438 641 4495 muto
685 4424 759 4497 lata
802 4451 936 4522 querar
974 4426 1110 4497 cinere.
1147 4443 1310 4514 4.1‚129.
1367 4417 1520 4489 Tacitus

230 4553 374 4636 1,6,6:
425 4549 678 4647 Nescioquem
720 4555 830 4626 tacita
873 4553 1005 4626 callida
1048 4566 1157 4624 nocte
1201 4549 1312 4619 fovet.
1363 4550 1518 4632 1‚6‚12.
