3202 5302
842 320 884 380 42

758 393 970 402 m

212 514 350 587 Libens
371 538 494 608 4,5‚9:
526 517 665 614 Magne
686 517 794 605 Geni,
816 541 912 613 cape
934 534 1013 591 tura
1038 521 1155 593 libens
1175 523 1350 617 votisque
1377 523 1513 596 favet0.

213 641 380 716 Perfidus
407 647 551 736 1,8‚63:
583 642 651 716 Vel
675 669 757 716 cum
786 646 972 740 promittit,
1001 647 1123 718 subito
1149 649 1219 720 sed
1239 650 1382 744 perfida
1413 649 1512 724 lallit.

213 769 352 842 Primus
380 795 445 862 1‚4‚
452 792 518 863 59:
571 771 623 843 At
643 787 680 843 tu
699 773 760 867 qui
789 773 973 846 Venerem
995 775 1150 846 docuisti
1172 777 1331 849 vendere
1362 778 1513 873 primus.

219 903 350 988 1‚5,62.
388 916 520 988 1,7,2o.
542 922 602 987 29.
630 922 765 987 1,10‚1.
793 907 1009 993 2,1‚41.56.
1033 926 1144 994 3,2‚1.
1166 903 1329 976 Prudens
1366 910 1512 998 1‚6,29:

213 1023 301 1097 Non
334 1049 409 1122 ego
443 1043 480 1098 te
518 1025 608 1097 laesi
645 1027 819 1122 prudens.
882 1029 1044 1102 Securus
1083 1053 1223 1122 3,3,32:
1260 1031 1393 1105 Liceat
1428 1033 1514 1106 mihi

213 1180 379 1250 paupere
400 1158 498 1227 cultu
517 1145 648 1226 securo
670 1178 756 1226 cara
778 1157 936 1253 coniuge
957 1182 1072 1253 posse
1088 1157 1163 1230 frui.
1184 1182 1321 1252 4‚1o,1.
1348 1160 1510 1234 Sedulus

220 1308 249 1371 1,
256 1303 311 1374 5,3
319 1308 358 1374 3:
389 1282 436 1354 Et
462 1298 601 1356 tantum
622 1298 796 1354 venerata
815 1284 937 1369 virum,
966 1285 1060 1357 hunc
1080 1285 1209 1359 sedula
1228 1304 1339 1360 curet.
1376 1308 1516 1381 1‚5,72.

218 1434 355 1501 2‚4‚42.
391 1411 504 1483 Serus
546 1415 687 1502 1,7,62:
747 1410 941 1506 Emagna
976 1437 1057 1484 cum
1093 1414 1235 1486 venerit
1269 1416 1358 1487 urb'e
1398 1441 1514 1488 serus.

223 1563 333 1630 1,9,4:
379 1540 472 1612 Sera
500 1556 624 1610 tamen
652 1538 769 1612 tacitis
798 1539 924 1611 Poena
952 1540 1052 1611 venit
1080 1539 1249 1634 pedibus
1293 1541 1516 1615 Taciturnus

222 1672 397 1752 1,6,60:
454 1666 650 1762 Coniungit
686 1683 833 1739 nostras
869 1665 960 1740 clam
997 1667 1177 1740 taciturna
1212 1694 1352 1745 manus.
1411 1670 1517 1742 Unus

223 1800 361 1886 1‚6,23:
421 1792 471 1864 At
511 1793 594 1865 mihi
636 1792 667 1864 si
708 1796 842 1884 cedaS‚
886 1793 982 1867 illam
1023 1822 1159 1892 sequar
1200 1821 1291 1869 unus
1315 1797 1377 1869 ad
1420 1823 1516 1871 aras.

217 1919 413 1994 Violentus
442 1927 576 2012 1‚6,47:
607 1921 692 2017 Ipsa
710 1898 870 2018 bipenne
899 1948 988 1996 suos
1010 1923 1132 1996 caedit
1157 1921 1317 1996 violenta
1337 1927 1516 1999 lacertos.

729 2191 760 2273 β.
789 2187 980 2281 Enallage.

325 2392 524 2487 Enallages
555 2389 725 2487 exempla
754 2392 824 2464 etsi
851 2392 949 2488 apud
976 2391 1158 2466 Tibullum
1195 2411 1355 2483 exstant,
1394 2411 1517 2468 tamen

220 2548 265 2595 ea
294 2521 409 2594 rarius
438 2547 524 2594 usus
555 2546 640 2594 esse
670 2519 817 2592 videtur
846 2547 955 2616 quam
985 2520 1043 2594 alii
1075 2522 1288 2618 scriptores,
1347 2522 1406 2594 Ac
1440 2520 1517 2617 plu-

220 2650 309 2722 rima
336 2648 509 2745 exempla
538 2664 620 2721 sunt

648 2910 679 2956 a.
710 2884 908 2981 Enallages
942 2884 1091 2957 numeri.

335 3117 478 3186 1,3‚47;
509 3093 596 3165 Non
624 3093 737 3181 acies,
769 3118 841 3165 non
869 3092 922 3163 ira
944 3092 1017 3179 luit,
1047 3115 1121 3163 non
1141 3092 1248 3174 bella,
1279 3117 1349 3163 nec
1376 3115 1517 3164 ensem.

229 3245 365 3317 1,3,49:
401 3221 505 3292 Nunc
539 3221 626 3313 Jove
661 3221 730 3291 sub
761 3220 909 3291 domino
937 3218 1076 3290 caedes
1109 3234 1148 3290 et
1180 3219 1329 3291 vulnera
1356 3243 1519 3312 semper,

222 3374 316 3423 nunc
336 3373 447 3421 mare.
475 3365 610 3440 1,3,77:
631 3347 809 3418 Tantalus
829 3346 979 3430 estillic,
1000 3361 1040 3418 et
1058 3345 1189 3418 circum
1209 3360 1353 3441 stagna.
1382 3367 1471 3437 1,5,3
1478 3366 1519 3436 5:

223 3478 330 3570 Quae
369 3503 462 3550 nunc
490 3475 685 3570 Eurusque
721 3473 919 3569 Notusque
954 3474 1090 3546 iactat
1123 3473 1303 3544 odoratos
1331 3487 1422 3543 vota
1452 3497 1522 3566 per

223 3604 434 3677 Armenios
486 3626 599 3695 1,7,9:
634 3599 808 3673 Tarbella
842 3604 983 3695 Pyrene
1020 3600 1124 3672 testis
1164 3614 1202 3670 et
1236 3598 1380 3670 Oceani
1413 3597 1522 3672 litora

222 3732 440 3806 Sanctonici.
483 3749 615 3822 1,7‚51:
660 3729 753 3802 Illius
791 3746 827 3802 et
855 3729 969 3801 nitido
1005 3725 1140 3800 stillent
1170 3743 1358 3824 unguenta
1386 3724 1521 3821 capillo

222 3877 262 3934 et
291 3861 413 3956 capite
443 3875 482 3931 et
510 3856 606 3930 collo
627 3858 748 3930 mollia
769 3873 867 3930 serta
886 3873 1005 3955 gerat.
1043 3859 1175 3947 1‚8,39:
1206 3853 1291 3925 Non
1310 3854 1403 3948 lapis
1422 3854 1522 3926 hanc

222 4013 469 4086 gemmaeque
512 3987 648 4060 iuvant.
696 4009 832 4076 1,10,9:
878 3984 961 4057 Non
1001 4008 1126 4068 arces,
1157 4004 1231 4053 non
1265 3982 1380 4054 vallus
1426 3999 1521 4054 erat.

229 4138 396 4208 1‚10,37:
438 4112 509 4185 Illic
539 4115 807 4210 perscissisque
837 4115 944 4211 genis
972 4129 1132 4204 ustoque
1162 4106 1307 4203 capillo,
1346 4118 1519 4197 1,10‚61:

223 4245 280 4317 Sit
315 4243 405 4317 satis
441 4268 462 4314 e
498 4243 671 4314 membris
707 4259 851 4314 tenuem
890 4237 1103 4311 rescindere
1139 4254 1306 4319 vestem,
1347 4236 1393 4306 sit
1430 4235 1522 4309 satis

226 4387 375 4444 ornatus
405 4369 620 4443 dissoluisse
648 4394 790 4440 comae.
823 4392 893 4455 2‚1,
901 4387 969 4458 35:
1002 4367 1083 4438 Huc
1103 4366 1195 4438 ades
1216 4365 1415 4460 aspiraque
1436 4363 1523 4436 mihi

226 4499 311 4573 dum
339 4499 497 4570 carmine
528 4513 668 4570 nostro.
703 4519 845 4589 2,1,43:
877 4494 983 4567 Tunc
1010 4494 1128 4567 victus
1159 4495 1283 4569 abiere
1320 4492 1398 4581 leri,
1436 4507 1523 4565 tunc
