3202 5302
634 367 846 450 -29-

86 567 218 639 ordine
245 565 332 639 fiunt
344 570 369 660 ¹)
389 567 539 661 hocque
559 563 642 637 loco
663 565 828 636 dicemus
855 563 903 636 de
924 563 1133 658 hyperbato
1153 562 1256 657 quod
1277 561 1388 655 Quin-

80 692 226 767 tilianus
254 720 324 790 pro
353 709 465 789 tropo
493 693 629 766 habuit.

449 1015 494 1087 A.
549 1013 608 1086 De
635 1013 773 1106 fiquris
799 1011 1020 1085 rhetoricis.

210 1253 243 1299 a.
283 1227 523 1322 Figurae
568 1251 705 1322 quae
747 1225 1078 1297 adiectione
1126 1224 1279 1298 liunt.

395 1469 428 1513 α.
463 1446 678 1532 Παλιλλογία
704 1436 763 1510 vel
793 1436 1080 1533 conduplicatio

195 1655 330 1728 Cornil.
359 1655 418 1741 lv,
452 1656 516 1726 28:
554 1650 836 1747 Conduplicatio
867 1667 936 1739 est,
972 1676 1053 1723 cum
1087 1653 1228 1724 ratione
1265 1649 1390 1746 ampli-

80 1782 264 1854 ficationis
293 1799 355 1853 aut
374 1780 718 1861 commiserationis
738 1779 906 1851 eiusdem
931 1780 1034 1851 unius
1054 1795 1116 1851 aut
1134 1779 1286 1875 plurium
1313 1804 1390 1850 ver-

81 1911 216 1981 borum
244 1909 401 1982 iteratio,
447 1908 573 2000 Quint.
595 1907 779 2000 1X,3,28:
811 1907 938 1979 Verba
965 1907 1199 2001 geminantur
1225 1904 1287 1978 vel
1314 1931 1390 1977 am-

82 2034 274 2133 plificandi
303 2037 434 2131 gratia,
462 2052 516 2108 ut:
547 2037 686 2120 Occidi,
722 2036 849 2118 occidi,
888 2061 964 2106 non
998 2036 1064 2129 Sp.
1104 2034 1294 2118 Maelium3
1333 2032 1391 2104 vel

82 2163 297 2247 miserandi,
327 2181 384 2237 ut:
416 2164 475 2235 Ah
504 2163 693 2258 Corydon,
724 2163 923 2258 Corydon!

196 2289 378 2387 Exempla
405 2291 505 2386 apud
534 2289 716 2363 Tibullum
744 2291 840 2362 haec
870 2305 1034 2362 exstant:

532 2554 588 2599 αα.
619 2525 951 2598 Substantivorum.

206 2758 343 2829 1,7,49:
373 2738 529 2811 Genium
556 2736 644 2810 ludo
674 2737 905 2833 Geniumque
934 2738 1094 2810 choreis,
1133 2741 1275 2822 2‚2,18:
1305 2737 1390 2808 Vin-

83 2865 174 2940 cula
192 2882 319 2961 portet
338 2866 468 2953 Amor,
488 2864 632 2937 vincula
660 2892 757 2960 quae
776 2882 957 2939 maneant.
987 2892 1016 2949 2,
1022 2889 1155 2957 5,1oo:
1178 2864 1391 2959 Cespitibus

81 3020 242 3067 mensas
270 2994 546 3089 cespitibusque
576 3009 702 3065 torum.
736 2999 876 3085 3‚1‚26:
906 2994 992 3066 Sive
1022 2993 1089 3064 sibi
1124 2993 1279 3064 coniunx
1315 2993 1391 3062 sive

84 3125 212 3195 futura
242 3145 365 3195 soror:
394 3121 473 3193 Sed
501 3122 625 3216 potius
655 3122 823 3192 coniunx.

556 3361 608 3442 ββ.
636 3354 925 3428 Adiectiuorum.

200 3551 304 3638 Alius
325 3586 465 3657 4,r‚17:
492 3568 582 3639 Inde
602 3566 696 3639 alios
715 3566 881 3663 aliosque
900 3594 1044 3639 memor
1064 3592 1291 3663 componere
1313 3593 1391 3639 vcr-

83 3721 164 3769 sus,
225 3693 426 3766 Candidior
458 3703 586 3786 1,7‚64.

10 3830 19 3947 l

566 3957 618 4022 γγ.
650 3930 912 4002 Pronominum.

201 4140 251 4212 Et
267 4156 314 4225 tu,
344 4141 490 4213 Bacche
510 4157 625 4219 tener.
652 4142 830 4214 iucundae
851 4145 1015 4215 consitor
1044 4170 1148 4232 uvae,
1178 4161 1217 4214 tu
1238 4168 1390 4238 quoque

85 4271 268 4352 devotos
296 4267 459 4358 Bacche,
490 4270 655 4364 relinque
685 4268 797 4341 lacus
831 4277 967 4363 2,3,63.

87 4414 134 4422 ...-
143 4412 361 4420 ——-———--—-.

199 4460 219 4529 ¹)
239 4460 270 4510 In
283 4463 369 4513 urdine
381 4465 534 4513 instituendo
547 4473 646 4513 secutus
659 4482 714 4513 sum
728 4465 865 4529 Gebbingii
884 4466 1082 4514 dissertationem
1095 4465 1144 4512 iam
1158 4480 1233 4527 supra
1252 4463 1390 4524 laudatam¹

82 4572 153 4623 quae
171 4562 212 4605 est
231 4555 264 4603 de
286 4555 364 4619 tropis
387 4555 523 4620 figurisque
551 4556 579 4604 C.
599 4556 692 4605 Valerii
711 4557 803 4604 Flacci.
843 4558 972 4620 Marbnrgi
996 4556 1072 4618 1878.
