3202 5302
701 403 739 468 35

615 481 824 491 ..φη-’.-

60 610 111 684 iis
139 634 214 682 non
242 634 329 681 usus
358 622 425 681 est.
481 607 609 702 ltaque
625 607 674 679 ad
694 631 761 678 eas
780 604 917 702 figuras
941 600 1153 675 tractandas
1178 599 1372 672 transimus

62 764 168 836 quae
199 737 327 809 ordine
357 736 455 808 fiunt.

234 1009 264 1056 c.
308 981 548 1079 Figurae
592 1005 728 1076 quae
770 981 964 1053 ordine
1007 977 1157 1050 fiunt.

180 1177 440 1272 Quintilianus,
470 1194 510 1249 ut
537 1203 650 1272 supra
680 1177 844 1261 diximus,
873 1201 944 1271 pro
973 1177 1083 1247 tertio
1111 1200 1254 1270 genere
1282 1174 1372 1268 figu-

62 1334 192 1380 rarum
221 1306 487 1379 rhetoricarum
517 1331 583 1377 eas
611 1305 727 1378 habet
760 1331 857 1400 quae
894 1321 955 1376 aut
992 1304 1223 1376 similitudine
1253 1301 1375 1398 aliqua

63 1460 205 1509 vocum
234 1452 296 1507 aut
324 1434 473 1530 paribus
504 1450 567 1505 aut
595 1433 787 1506 contrariis
822 1448 1042 1504 convertunt
1070 1432 1104 1504 in
1131 1458 1172 1504 se
1200 1457 1310 1503 aures
1339 1445 1377 1502 et

65 1564 242 1638 excitant.
301 1562 408 1654 Quae
438 1562 637 1634 concitatio
677 1562 815 1633 aurium
847 1587 956 1656 quum
983 1558 1133 1656 pulchra
1163 1575 1266 1631 certe
1295 1583 1374 1630 ver-

66 1695 200 1765 borum
237 1688 483 1762 collocatione
519 1689 708 1778 efficiatur,
739 1715 812 1761 non
845 1690 972 1761 dubito
1001 1689 1087 1783 quin
1116 1705 1272 1761 statuam
1304 1684 1376 1760 hoc

65 1845 192 1918 genus
226 1820 353 1891 ordine
391 1819 526 1890 sactum
562 1844 657 1890 esse.
714 1817 798 1888 Hoc
834 1815 919 1889 loco
956 1817 1158 1912 praecipue
1188 1817 1373 1912 hyperba-

65 1966 137 2020 ton
166 1930 399 2018 tractandum
429 1962 489 2016 est
516 1946 618 2041 quod
646 1944 888 2038 Quintilianus
916 1945 1011 2016 inter
1037 1934 1169 2039 tropos
1199 1958 1376 2016 numerat.

70 2074 246 2169 Quocum
278 2073 530 2145 Volkmannus
558 2075 627 2147 etsi
656 2074 853 2161 consentit,
882 2088 1005 2145 tamen
1033 2072 1269 2167 hyperbaton
1296 2096 1374 2166 pro·

70 2202 154 2299 pric
183 2201 337 2295 figuram
365 2203 561 2273 verborum
601 2227 686 2274 esse
715 2202 896 2274 concedit.
955 2200 1053 2272 Dicit
1088 2201 1183 2272 enim
1212 2196 1378 2290 Quintili·

70 2354 168 2402 anus
198 2353 346 2423 quoque
376 2329 467 2417 Vlll,
499 2335 606 2423 6,67:
651 2327 800 2424 Alioqui
829 2329 889 2400 ubi
919 2327 1001 2400 nihil
1032 2355 1079 2400 ex
1111 2326 1378 2425 significatione

70 2474 252 2529 mutatum
289 2472 351 2528 est
393 2473 432 2526 et
467 2473 649 2529 structura
684 2455 763 2528 sola
792 2473 969 2540 mutatur,
1004 2455 1122 2550 figura
1149 2455 1271 2551 potius
1297 2480 1377 2526 ver-

70 2586 208 2657 borum
235 2583 304 2655 dici
332 2600 470 2678 potest,
498 2585 590 2656 sicut
617 2583 717 2656 multi
746 2585 1007 2657 existimarunt.

186 2710 221 2782 A
249 2712 500 2806 grammaticis
522 2711 661 2784 Latinis
681 2712 951 2807 distinguuntur
978 2727 1156 2808 quattuor
1182 2710 1378 2805 hyperbati

69 2864 235 2938 genera:
264 2839 518 2933 Anastropha,
549 2842 687 2927 tmesis,
718 2841 964 2935 parenthesis,
994 2839 1200 2934 synchysis.

574 3123 607 3168 α.
651 3095 893 3193 Anastropha

76 3314 155 3364 non
184 3289 251 3362 nisi
280 3290 379 3385 apud
409 3291 484 3362 duo
522 3294 636 3363 verba
665 3293 863 3366 adhibetur
891 3294 1122 3388 maximeque
1150 3292 1250 3386 apud
1277 3309 1383 3385 prae·

77 3418 299 3513 positiones.
357 3417 419 3489 Ad
457 3442 605 3512 2,1,74:
648 3421 780 3493 Limen
820 3423 869 3493 ad
906 3423 1021 3493 iratae
1058 3420 1174 3492 verba
1207 3416 1385 3512 pudenda

75 3571 217 3618 senem.
274 3544 374 3618 Ante
400 3552 536 3638 2,5,66.
568 3550 663 3621 lnter
683 3570 820 3640 4‚1,72.
851 3551 975 3622 lnter
1006 3549 1181 3620 hocloco
1209 3571 1292 3618 cum
1320 3569 1383 3617 vo-

77 3673 183 3745 cibus
225 3674 398 3745 ·rabidas
425 3677 564 3746 undas«
609 3677 906 3775 coniungendum
948 3694 1122 3773 totusque
1151 3701 1285 3747 versus
1314 3675 1384 3746 hoc

10 3872 13 3883 ,
79 3801 196 3873 modo
219 3798 401 3898 legendus
422 3818 499 3877 est:
530 3803 621 3877 Cum
647 3807 798 3878 canibus
819 3807 968 3879 rabidas
989 3806 1084 3877 inter
1104 3805 1183 3877 sera
1211 3818 1385 3898 serperet

10 3942 14 3971 ¹
79 3926 210 4010 undas,
247 3951 345 4000 non:
386 3928 484 4000 lnter
518 3930 612 4003 freta
650 3934 824 4004 sorberet
860 3935 991 4007 undas.
1022 3939 1189 4024 4‚1,165.
1232 3931 1387 4002 Praeter

80 4053 417 4163 4‚r3‚3.1Propter
451 4064 586 4149 1‚6,57.
618 4065 679 4150 65.
717 4079 847 4150 1,7‚·25.
882 4066 1021 4152 2‚6,35.
1065 4060 1187 4155 Super
1214 4080 1384 4148 4‚1‚114.

86 4202 172 4272 134.
211 4179 249 4250 ln
285 4181 456 4252 oratione
490 4184 657 4277 pedestri
691 4186 919 4281 anastropha
953 4212 1102 4282 semper
1128 4186 1324 4258 adhibetur
1355 4183 1385 4252 si

84 4328 216 4377 »cum«
256 4307 485 4405 coniungitur
524 4312 605 4381 cum
640 4314 918 4407 pronominibus
952 4310 1207 4409 personalibus
1249 4325 1288 4382 et
1328 4334 1383 4380 re-

66 4424 216 4505 'lativis
273 4433 414 4507 Contra
452 4435 616 4509 Tibullus
650 4439 746 4512 haec
782 4439 947 4537 neglexit
986 4466 1016 4523 2,
1027 4459 1138 4532 5,37:
1181 4438 1272 4510 Cum
1312 4464 1386 4533 qua

33 4556 38 4565 ’
79 4557 232 4633 fecundi
261 4561 448 4634 redierunt
476 4591 626 4637 munera
654 4568 756 4640 ruris.

1159 4714 1174 4763 3
