3202 5302
786 385 821 428 12

696 460 907 473 ..q---m-

152 623 203 632 -
219 579 359 654 Secare
387 607 508 673 1‚9,22
525 612 531 656 :
550 583 719 656 Verbere
740 599 848 681 terga
868 607 956 655 seca
971 582 1028 656 ie.
1047 579 1207 654 vulnera.
1233 624 1282 637 -—
1302 582 1458 695 Sedere

152 731 298 806 4,1‚42:
328 711 411 784 Nec
439 712 508 784 hac
523 709 604 807 plus
620 729 725 806 parte
745 712 855 784 sedet
880 737 948 783 nec
965 710 1080 807 surgit
1112 710 1160 781 ab
1179 707 1238 782 illa
1266 734 1319 785 sc.
1341 711 1450 787 libra.

153 880 204 890 -
247 837 410 933 Serpere
455 858 593 930 1‚7‚94:
623 840 693 913 Per
718 841 815 912 vada
843 839 961 935 serpis
997 838 1055 912 ie.
1094 838 1229 911 laberis
1265 842 1329 911 vel·
1362 841 1456 914 fluis.

28 1022 34 1033 .
153 1007 204 1019 -
240 964 450 1040 Sollicitare
490 988 630 1060 3‚4,53:
666 969 736 1039 Pro
771 994 843 1063 qua
879 965 1051 1040 sollicitas
1089 967 1268 1039 coelestia
1305 969 1455 1041 numina

152 1093 260 1166 votis,
288 1138 336 1148 —
369 1094 524 1168 Solvere
550 1104 686 1180 1‚2,6o:
715 1095 874 1169 Amores
895 1096 1059 1168 cantibus
1080 1112 1143 1167 aut
1161 1095 1286 1181 herbis
1305 1093 1455 1171 solvere

152 1221 206 1294 ie.
239 1221 345 1294 linem
373 1223 415 1295 iis
444 1224 645 1320 imponere.
681 1229 819 1316 4,5,16.
881 1223 1088 1296 Exsolvere
1127 1244 1245 1316 4‚7‚5:
1285 1225 1455 1298 Exsolvit

151 1350 335 1445 promissa
362 1352 498 1426 Venus
556 1351 775 1423 Persolvere
811 1375 949 1443 1‚3‚29:
991 1351 1041 1424 Ut
1074 1378 1157 1425 mea
1190 1352 1334 1425 votivas
1367 1379 1452 1449 per-

150 1475 302 1551 solvens
330 1478 438 1551 Delia
465 1505 589 1552 voces.
616 1503 747 1572 1,9‚13.
777 1524 827 1533 -
850 1480 1063 1574 Subrepere
1092 1504 1232 1575 1,1‚71:
1261 1482 1452 1578 Subrepet

151 1621 256 1679 aetas
285 1608 394 1680 iners.
427 1652 478 1661 —
515 1608 718 1703 Temptare
761 1627 899 1700 1,3‚73:
937 1608 1142 1703 Temptare
1181 1609 1365 1682 lunonem.
1404 1654 1445 1663 -

148 1733 326 1808 Tondere
356 1724 523 1828 4,1‚172:
550 1735 819 1832 Tondeturque
842 1761 956 1830 seges
971 1735 1029 1811 ie.
1050 1737 1205 1811 metitur.
1226 1781 1276 1792 -
1300 1737 1449 1834 Urgere

153 1884 296 1956 2,1‚79:
332 1863 392 1935 An
421 1864 555 1949 miseri,
584 1889 678 1959 quos
706 1863 765 1935 hic
794 1864 956 1960 graviter
983 1865 1076 1936 deus
1103 1881 1212 1962 urget
1238 1865 1294 1939 ie.
1324 1883 1448 1939 vexat.

150 2036 200 2045 -
229 1990 346 2064 Urere
376 1992 423 2064 de
452 2017 576 2064 amore
607 1992 755 2086 saepius
783 2007 987 2087 usurpatur.
1046 1995 1150 2083 1‚8,7.
1176 2002 1284 2086 2,6‚5.
1307 2017 1402 2085 4‚2‚1
1419 2018 1447 2065 1.

150 2140 257 2211 4‚5,5.
280 2125 417 2213 4,6,17.
441 2144 601 2213 4,13‚19.
640 2121 804 2192 Exurere
829 2143 903 2211 4‚2,
911 2141 951 2212 5:
985 2121 1075 2193 Volt
1098 2147 1252 2193 exurere
1271 2122 1377 2193 divos
1397 2148 1448 2194 sc.

148 2246 279 2321 Amor.
309 2293 361 2302 -
389 2249 564 2321 Vendere
591 2267 736 2342 1‚9,77:
782 2248 1030 2322 Blanditiasne
1058 2275 1161 2322 meas
1189 2249 1265 2323 aliis
1294 2265 1331 2321 tu
1358 2275 1453 2322 ven.

149 2375 241 2448 dere
270 2401 312 2448 es
335 2378 468 2448 ausus?
497 2420 547 2430 --
578 2377 724 2450 Vincire
755 2382 897 2469 4,1,36:
932 2377 1063 2450 Vincto
1092 2378 1192 2474 pede
1220 2377 1355 2473 quique
1384 2402 1446 2450 so-

146 2501 223 2575 luto
252 2504 273 2578 i.
303 2529 336 2578 e.
368 2505 528 2577 carmine
558 2521 595 2577 et
624 2505 792 2578 oratione
820 2505 997 2601 pedestri.

422 2804 462 2877 B.
504 2800 802 2877 Translatioues
828 2805 1169 2879 substantivorum.

210 3040 214 3045 ·
255 3021 574 3094 Substantivorum
614 3017 871 3090 translationes
906 3043 1113 3115 quanquam
1150 3046 1226 3093 uon
1263 3037 1337 3094 tam
1374 3022 1443 3096 sre-

148 3166 305 3244 quentes
329 3167 413 3223 sunt
435 3174 546 3245 quam
566 3148 776 3234 verborum,
800 3162 920 3220 tamen
943 3172 1015 3219 non
1037 3174 1172 3243 parvus
1194 3165 1252 3223 est
1273 3139 1445 3226 numerus

148 3279 411 3373 exemplorum.
453 3277 615 3365 1,1o‚18:
652 3275 714 3347 Sic
751 3275 886 3347 veteris
925 3276 1037 3348 sedes
1075 3277 1273 3352 incoluistis
1300 3280 1357 3352 avi
1385 3280 1442 3355 ie.

146 3406 286 3501 proavi.
319 3409 465 3496 2‚1‚28:
502 3405 686 3477 Fumosos
723 3403 859 3477 veteris
885 3403 1048 3499 prolerre
1074 3407 1254 3481 Falernos
1283 3407 1443 3482 consulis

146 3533 201 3606 ie.
229 3535 322 3608 anni.
353 3558 503 3625 4,1,112
537 3534 738 3606 Testantur
767 3532 889 3605 sidera
919 3531 1025 3605 caelo
1047 3533 1286 3633 Erigoneque
1318 3536 1443 3610 Canis-

147 3686 232 3756 que.
264 3685 408 3754 4,1‚3o:
444 3662 543 3755 Quid
572 3687 721 3758 quaque
751 3661 862 3733 index
891 3662 959 3733 sub
987 3662 1143 3761 imagine
1174 3663 1275 3738 dicat
1302 3664 1361 3740 ie.
1391 3666 1440 3738 in-

146 3789 306 3884 scriptio.
341 3811 484 3883 2,1,37:
524 3790 593 3862 His
621 3790 695 3862 vita
724 3789 908 3886 magistris
938 3788 1107 3864 desuevit
1135 3817 1275 3886 querna
1301 3796 1441 3887 pellere

145 3918 283 4016 glande
311 3917 457 3990 samem.

253 4045 412 4140 Saepius
449 4070 521 4118 eae
558 4069 697 4133 voces,
742 4070 838 4140 quae
876 4062 1003 4142 partes
1032 4049 1196 4143 corporis
1225 4050 1440 4148 significant,

144 4175 217 4247 hoc
245 4173 358 4246 modo
386 4173 614 4246 adhibentur.
649 4192 790 4263 1‚7‚24:
819 4172 896 4246 Aut
930 4176 1060 4271 quibus
1093 4178 1127 4250 in
1161 4179 1267 4250 terris
1302 4176 1441 4252 occulu-

146 4304 220 4376 isse
250 4318 359 4399 caput
382 4301 403 4376 i.
421 4327 453 4376 e.
483 4317 611 4374 ortum.
635 4325 760 4394 4,1,13
767 4327 786 4394 3
816 4303 864 4374 de
881 4303 978 4399 Jovis
993 4305 1114 4401 capite
1131 4306 1270 4378 dicitur.
1304 4326 1437 4399 1‚7,34:

148 4431 216 4502 Hic
251 4431 403 4503 viridem
437 4429 530 4503 dura
564 4429 726 4503 caedere
762 4430 855 4503 falce
892 4457 1034 4506 comam
1076 4434 1133 4507 ie.
1167 4434 1353 4530 gramina3
1394 4436 1439 4509 cf.

150 4562 280 4651 2,1‚48.
304 4584 447 4656 3‚1‚1o:
476 4559 612 4635 Pumex
640 4575 680 4635 et
708 4582 821 4635 cauas
849 4560 1003 4636 tondeat
1020 4581 1105 4637 ante
1125 4585 1263 4637 comas
1299 4566 1440 4650 1‚6,8o;
