3202 5302
845 380 888 450 34

765 462 977 470 ——u--m--n

222 584 401 679 repetitur
443 593 581 676 1,4,65.
615 583 677 657 'Ne
728 610 832 677 1,4‚2.
869 585 952 657 Neu
990 609 1128 675 2,1‚19.
1164 583 1320 659 Neu...
1357 608 1529 659 neve...

223 737 293 783 neu
328 721 460 803 1,6,14.
492 713 580 785 Sed
607 730 665 784 ter
693 715 870 807 repetitur
903 731 1038 801 1,7‚44.
1075 714 1193 804 1‚8,25
1226 713 1417 807 multisque
1448 710 1531 783 aliis

224 839 259 910 in
288 837 390 912 locis.
420 840 496 910 Seu
530 862 691 926 1,10,21,
721 857 854 933 quater
874 839 1052 934 repetitur
1080 862 1188 928 4‚2,9.
1218 840 1356 912 Seu...
1384 864 1530 914 seu...

222 966 302 1037 s've
334 986 477 1057 4,1,25.
517 966 604 1038 Sive
645 974 783 1056 3,1,26.
824 989 961 1057 3‚3‚14.
1000 963 1070 1036 Vel
1097 965 1126 1036 si
1157 989 1293 1059 4‚1‚74.
1328 966 1367 1038 Si
1393 990 1529 1058 1‚9,33.

226 1092 276 1163 Ut
308 1097 442 1184 1,6,53.
476 1116 608 1184 2,3,51.
1112 1110 1116 1117 ·

680 1396 716 1441 tt.
757 1369 1061 1441 Interiectionum.

331 1582 364 1653 A
398 1587 541 1674 3‚4,61:
571 1582 617 1666 Α,
645 1579 794 1653 crudele
824 1606 944 1677 genus
972 1607 1039 1653 nec
1068 1581 1177 1652 fidum
1207 1581 1340 1652 semina
1369 1589 1527 1654 nomen!

227 1710 272 1793 Α,
300 1725 440 1804 pereat,
470 1708 599 1781 didicit
626 1707 753 1780 sallere
783 1709 916 1805 siqua
945 1709 1069 1782 virum.
1114 1708 1150 1780 Ο
1167 1706 1355 1803 quotiens!
1387 1731 1530 1802 2,3‚17.

760 1990 789 2101 y]
827 2009 976 2093 Κύκλος.

332 2222 455 2314 Quint.
486 2219 547 2308 IX,
581 2242 683 2311 3‚34:
717 2221 966 2317 Respondent
992 2221 1114 2315 primis
1143 2236 1181 2291 et
1212 2219 1345 2292 ultima.
1388 2241 1531 2310 2,4‚51:

225 2351 325 2420 Vera
355 2348 503 2443 quidem
540 2372 686 2431 mone0,
719 2350 788 2420 sed
824 2363 975 2444 prosunt
1010 2347 1098 2443 quid
1136 2348 1219 2419 mihi
1251 2344 1366 2418 vera?
1404 2367 1531 2437 4,5‚5:

224 2476 322 2547 Uror
342 2500 416 2573 ego
437 2492 523 2547 ante
544 2477 652 2547 alias:
673 2477 769 2548 iuvat
795 2477 879 2565 hoc',
904 2477 1092 2563 Cerinthe,
1123 2476 1224 2571 quod
1246 2474 1352 2546 uror?
1380 2495 1477 2564 4‚5‚1
1493 2496 1526 2555 2:

224 2604 345 2698 Optat
378 2604 474 2675 idem
506 2601 644 2674 iuvenis
681 2602 784 2696 quod
821 2626 911 2690 nos,
951 2603 1020 2674 sed
1055 2604 1186 2675 tectius
1225 2619 1340 2697 optat.
1397 2599 1523 2687 Simile

226 2730 311 2825 quid
339 2731 495 2826 legimus
544 2753 684 2821 1,3‚11:
734 2725 796 2799 llla
830 2753 956 2800 sacras
993 2731 1096 2823 pueri
1125 2746 1247 2801 sortes
1276 2747 1334 2801 ter
1364 2717 1533 2818 sustulit3

223 2857 273 2936 illi
290 2916 296 2930 .
313 2915 320 2930 .
337 2915 364 2942 .‚
392 2859 452 2930 ubi
468 2859 602 2930 eodem
632 2857 761 2943 verbu,
786 2856 855 2927 sed
874 2856 944 2927 alio
959 2882 1047 2929 casu
1077 2857 1180 2928 huius
1201 2860 1287 2928 usus
1311 2872 1369 2927 est
1394 2870 1527 2950 poeta.

699 3158 728 3225 tl.
765 3152 1046 3249 'llatavaorqomt'.

330 3386 600 3481 Ἐπαναστροφή
628 3387 685 3476 fit,
729 3387 788 3458 ubi
826 3388 1051 3460 enuntiatum
1086 3388 1223 3460 eodem
1252 3386 1370 3457 verbo
1400 3385 1529 3479 incipit
1574 3407 1579 3415 ·

229 3518 262 3588 in
291 3541 366 3611 quo
396 3517 659 3589 terminabatur
687 3516 902 3611 proximum.
959 3516 1044 3608 Qua
1073 3516 1199 3610 figura'
1215 3509 1381 3584 Tibullus
1411 3514 1528 3584 semel

226 3670 313 3715 usus
343 3660 401 3716 est
435 3665 553 3734 3‚5,1:
597 3644 676 3716 Vos
717 3659 820 3715 tenet
862 3642 1026 3715 Etruscis
1068 3657 1192 3714 manat
1231 3664 1327 3735 quae
1364 3639 1546 3712 lontibus.

225 3772 332 3853 unda,
348 3772 445 3843 unda
461 3772 528 3842 sub
545 3771 736 3845 aestivum.
770 3771 903 3866 Neque
924 3769 1019 3844 enirn
1038 3768 1148 3866 plane
1165 3767 1333 3841 convenit
1351 3787 1438 3856 2‚5,1
1455 3786 1500 3855 17
1518 3794 1525 3839 :

227 3900 309 3992 lpsa
338 3924 474 3994 gerens
501 3897 637 3970 lauros:
666 3903 768 3971 lauro
797 3901 991 3972 devinctus
1019 3897 1169 3993 agresti.

329 4197 363 4267 b.
406 4195 644 4293 Figurae
689 4224 824 4294 quae
870 4195 1233 4269 detractione
1277 4192 1426 4263 liunt.

335 4409 557 4504 Quanquam
587 4408 828 4502 Quintilianus
857 4409 1009 4502 IX,3‚58
1040 4408 1129 4480 dicit
1149 4410 1216 4480 has
1244 4405 1380 4498 figuras
1407 4402 1527 4473 brevi-

229 4537 314 4609 tatis
352 4539 598 4635 novitatisque
633 4538 791 4610 maxime
825 4541 981 4631 gratiam
1019 4553 1167 4632 petere,
1203 4552 1327 4607 tamen
1361 4529 1528 4601 Tibullus
1572 4544 1592 4637 Ἰ
