3202 5302
716 425 752 471 21

88 618 198 688 etiam
220 618 394 691 cotidiani
414 620 595 693 sermonis
615 646 701 691 usus
721 621 863 715 recipit.
907 619 1065 713 Trypho
1084 619 1202 713 (Walz
1222 620 1315 690 rhet.
1334 645 1388 714 gr.

86 770 122 838 p.
148 748 235 838 739)
268 747 531 839 synecdochen
559 772 645 818 esse
674 747 777 818 addit
804 747 863 818 ubi
890 747 1043 818 materia
1072 747 1223 841 ponitur
1250 771 1319 841 pro
1348 772 1389 817 re

85 897 182 965 quae
210 872 295 942 inde
331 873 466 945 effecta
501 889 570 946 est.
627 874 814 945 Rhetores
849 874 988 946 Graeci
1026 874 1173 945 omnino
1208 873 1390 945 tredecim

85 1000 233 1092 species
262 1017 556 1072 commemorant
584 1002 628 1072 cl.
658 999 912 1073 Volkmann
939 1027 975 1096 p.
1009 1009 1095 1091 361.

537 1299 579 1370 A.
622 1299 719 1370 Pars
742 1260 814 1390 pro
840 1308 923 1370 toto

78 1508 203 1603 posita
232 1525 290 1580 est
324 1513 470 1598 1‚2‚86:
501 1509 550 1581 Et
578 1511 750 1581 miserum
780 1524 912 1582 'sancto
941 1510 1099 1582 tundere
1120 1526 1230 1604 poste
1264 1527 1385 1606 caput,

80 1638 293 1732 eodemque
315 1640 428 1710 modo
449 1637 600 1733 saepius
619 1639 679 1709 ubi
705 1638 753 1709 de
776 1639 941 1732 corporis
962 1638 1131 1732 partibus
1159 1637 1246 1710 dicit
1260 1648 1385 1732 poeta.

80 1762 127 1836 cf.
164 1766 297 1857 1,8,72.
344 1764 453 1837 Oculi
494 1786 634 1857 2,5‚49.
676 1790 815 1858 4‚13,4.
852 1767 997 1863 Lingua
1038 1770 1171 1857 3,4‚16.
1233 1766 1387 1836 Thesea
1430 1839 1433 1844 ,

78 1888 202 1983 lingua
233 1897 450 1984 3,6,39.46.
494 1892 599 1964 Colla
626 1902 756 1984 1,4‚16.
787 1913 948 1984 4‚1,117.
985 1913 1066 1983 170.
1097 1893 1218 1963 Pedes
1254 1897 1384 1985 1,7‚36.

81 2027 221 2109 2‚6,14.
251 2019 364 2091 Fibra
390 2023 498 2112 1‚8‚3.
531 2030 669 2108 2,1,26.
702 2023 830 2094 Corda
852 2031 963 2114 3‚2‚6.
1021 2022 1222 2092 Praeterea
1251 2020 1285 2090 hi
1312 2018 1385 2091 loci

77 2146 260 2218 afferendi
289 2164 388 2220 sunt:
435 2171 574 2240 1,4‚45:
613 2147 681 2221 Vel
716 2150 744 2220 si
782 2148 977 2221 caeruleas
1011 2149 1153 2243 puppi
1190 2149 1297 2218 volet
1333 2148 1386 2217 ire

75 2299 149 2368 per
182 2274 311 2349 undas.
355 2298 487 2368 2‚5,45.
527 2283 667 2368 4‚1,69.
713 2277 846 2349 Undae
887 2297 1026 2368 1,4,45.
1060 2297 1197 2367 3,5,21.
1260 2273 1382 2346 Lacus

74 2387 207 2472 inferni
241 2408 377 2493 2,6,40.
419 2404 578 2477 Tectum
615 2428 724 2498 3‚3‚3.
755 2428 895 2496 4‚1,13.
928 2405 1050 2475 Rotae
1088 2408 1221 2493 1‚9‚62.
1252 2405 1386 2495 3,4,18.

75 2528 202 2600 Torus
247 2536 399 2622 3,6‚6o.
447 2533 597 2603 Pennae
641 2556 806 2623 4,1‚209.
845 2533 970 2604 Litera
1016 2554 1046 2623 3,
1068 2551 1176 2620 2,27.
1244 2530 1386 2601 Versus
1468 2600 1471 2607 .

74 2661 191 2748 3,1‚8.
222 2682 361 2749 4,r,34.

520 2871 561 2944 B.
605 2871 768 2943 Mutatio
795 2874 958 2944 numeri.

364 3109 396 3156 a.
442 3083 626 3155 Numerus
655 3083 849 3179 singularis
879 3110 947 3180 pro
975 3083 1103 3180 plurali

68 3319 152 3367 non
180 3319 263 3367 raro
292 3295 389 3391 apud
419 3296 564 3368 nomina
591 3295 811 3392 populorum
831 3299 1017 3370 invenitur.
1075 3297 1199 3368 Arabs
1239 3298 1383 3386 4,2‚18:

68 3423 208 3496 Cultor
244 3423 424 3495 odoratae
472 3425 575 3497 dives
612 3424 735 3497 Arabs
773 3427 928 3522 segetis.
992 3426 1184 3497 Britannus
1217 3425 1382 3515 4‚1,148.

75 3568 224 3638 1‚7‚12:
255 3550 403 3623 Carnuti
429 3569 468 3624 et
496 3552 581 3623 flavi
607 3551 756 3625 caerula
784 3552 931 3649 lympha
964 3554 1087 3648 Liger.
1117 3553 1227 3624 Indus
1247 3574 1382 3640 4‚2,2o.

68 3677 249 3749 Padaeus
271 3701 432 3770 4‚1,145.
470 3680 674 3751 Pannonius
696 3704 860 3770 4‚1,109.
898 3681 1088 3753 Addenda
1117 3695 1200 3751 sunt
1232 3701 1381 3770 2‚3‚42:

65 3805 128 3878 Ut
155 3807 266 3877 multo
286 3806 509 3878 innumeram
536 3809 579 3879 iu
590 3833 708 3902 gere
736 3827 870 3904 pascat
898 3834 1038 3882 ovem.
1075 3830 1216 3900 2,5,72:
1247 3805 1382 3875 Multus

63 3933 181 4028 lapis.
214 3955 357 4025 3,2‚27:
400 3935 552 4006 Littera.
581 3939 749 4026 4‚1,108:
792 3936 909 4007 Miles.

343 4231 378 4305 b.
428 4230 610 4306 Numerus
637 4230 784 4328 pluralis
813 4259 882 4326 pro
913 4233 1096 4328 singulari.

184 4442 354 4538 Corpora
398 4469 533 4539 1‚9,73.
585 4453 723 4541 2,3‚76.
767 4447 876 4520 Colla
923 4452 1052 4537 1,4,16.
1087 4465 1251 4535 4‚1,117.
1294 4460 1377 4533 170.

56 4572 203 4648 Corda
245 4580 349 4663 3‚2,6.
385 4574 543 4646 Pectora
578 4594 717 4666 1,7,40.
754 4577 862 4648 Sinus
898 4579 1030 4666 1‚8,3o.
1061 4596 1097 4663 4,
1111 4594 1215 4663 3,24.
1252 4570 1381 4662 Terga
