3202 5302
797 437 833 499 ¹3

156 621 370 722 Tractaque
400 628 447 702 de
477 628 583 705 niveo
612 630 748 709 vellere
779 635 890 712 dente
918 657 1024 736 putat
1051 643 1109 717 i.e.
1127 643 1252 747 ,dente
1280 641 1452 742 pectinis*

164 756 304 844 1,9,68:
332 756 406 828 Aut
425 775 554 833 tenues
583 763 699 836 denso
717 782 872 860 pectere
892 768 1004 841 dente
1025 795 1163 844 comas.
1194 780 1331 860 1,2‚18:
1374 777 1452 850 Seu

155 900 298 954 reserat
320 883 391 956 fixo
428 888 539 962 dente
563 891 684 986 puella
704 893 805 967 sores
826 896 883 969 i.e.
905 896 994 970 clavi
1027 897 1242 976 adulterina.
1273 907 1477 995 4,1,100:‘

155 1011 249 1084 Tum
271 1012 334 1083 tibi
357 1040 432 1087 non
458 1017 554 1089 desit
576 1020 706 1093 faciem
724 1049 952 1120 componere
977 1053 1138 1126 pugnae.
1158 1052 1302 1125 3,1‚13:
1322 1032 1448 1129 Atque

154 1139 247 1211 inter
260 1143 426 1238 geminas
441 1147 638 1242 pingantur
662 1175 800 1225 cornua
823 1155 974 1240 frontes,
991 1157 1049 1228 ubi
1072 1180 1210 1230 cornua
1225 1161 1327 1256 scapi
1347 1162 1447 1248 fines,

153 1266 293 1342 frontes
312 1272 516 1370 marginem
537 1273 614 1349 libri
638 1277 850 1376 significant.
871 1307 1040 1374 4‚1‚102.
1062 1307 1204 1378 4‚1,54:
1223 1286 1318 1362 Nam
1339 1291 1448 1363 Cico-

152 1422 311 1493 numque
334 1426 461 1474 manus
490 1404 659 1478 adversis
688 1408 845 1504 reppulit
873 1411 982 1484 armis
1009 1411 1067 1486 i.e.
1098 1413 1361 1490 multitudinem
1387 1416 1479 1492 vel¹

151 1525 310 1618 copiam.
343 1535 495 1620 3‚5,16:
526 1531 605 1605 Nec
633 1536 730 1608 venit
758 1538 867 1610 tardo
894 1565 1003 1613 curva
1032 1560 1185 1615 senecta
1211 1545 1321 1640 pede.

257 1651 312 1727 Ex
332 1654 537 1731 animalium
554 1685 704 1736 numero
732 1665 931 1741 invenimus
959 1696 1086 1743 canem
1110 1697 1179 1767 pro
1202 1672 1326 1745 sidere
1344 1701 1446 1746 usur-

149 1798 285 1878 patum.
320 1807 455 1881 r‚2,27:
487 1789 566 1862 Sed
594 1791 706 1865 Canis
735 1796 898 1870 aestivos
927 1816 1030 1871 ortus
1057 1801 1172 1872 vitare
1209 1802 1276 1872 sub
1304 1802 1446 1875 umbra.

156 1937 290 2004 1‚4‚42.
321 1941 413 2010 3,5‚2
446 1920 491 1994 cl.
523 1946 661 2010 4‚1,11.
720 1925 859 1998 Cervus
889 1932 1031 2019 4,1‚84:
1061 1928 1229 2020 Qualiter
1263 1930 1447 2004 adversos

147 2043 243 2114 hosti
273 2033 439 2143 defigere
473 2075 606 2122 cervos
642 2052 700 2124 i.e..
730 2054 865 2149 stirpes
902 2053 1096 2128 furcillatas
1140 2055 1274 2154 quibus
1314 2057 1444 2131 hostes

145 2168 364 2267 propellunt.
394 2173 544 2251 Concha
575 2198 715 2273 3‚3,34:
759 2183 806 2253 Et
833 2182 963 2256 laveas
985 2185 1140 2275 concha,
1172 2186 1320 2283 Cypria,
1338 2202 1449 2258 vecta

145 2315 208 2372 tua
234 2303 254 2373 i.
283 2329 316 2377 e.
344 2321 442 2378 testa
468 2309 644 2384 conchae.

252 2431 335 2514 Vox
359 2436 535 2516 ›domus‹
557 2466 682 2539 3‚2,22
701 2471 769 2543 pro
786 2474 877 2519 urna
892 2461 1071 2543 usurpata
1094 2459 1163 2518 est.
1189 2451 1333 2536 r,8,7o:
1359 2446 1443 2519 Nec

142 2560 300 2672 prodest
329 2563 465 2648 sanctis
493 2585 573 2648 tura
601 2576 751 2648 dedisse
791 2575 880 2647 locis
917 2576 939 2649 i.
976 2548 1010 2648 e.
1048 2574 1129 2647 aris.
1172 2595 1312 2667 2‚4,53:
1347 2574 1443 2668 Quin

144 2704 254 2776 etiam
287 2706 401 2777 sedes
435 2699 681 2805 (domicilium)
723 2697 850 2776 iubeat
888 2705 917 2776 si
960 2704 1124 2777 vendere
1163 2701 1279 2774 avitas
1333 2727 1441 2793 1‚4,1:

144 2833 206 2905 Sic
235 2835 406 2906 umbrosa
434 2833 498 2906 tibi
528 2816 742 2930 contingant
770 2849 869 2906 tecta
897 2830 953 2906 i.e.
984 2833 1108 2905 silvae.

252 2963 314 3033 Ad
335 2988 422 3033 arva
449 2959 650 3056 similiaque
679 2961 773 3034 haec
802 2976 985 3057 spectant,
1018 2983 1159 3053 3,4,91:
1189 2960 1353 3032 Barbara
1373 2987 1442 3034 nec

145 3090 318 3184 Scythiae
347 3093 453 3162 tellus
482 3090 536 3162 i.e.
563 3091 668 3184 regio
703 3090 762 3162 vel
797 3091 902 3164 fines.
938 3093 1076 3181 1,8,39:
1117 3089 1200 3161 Non
1230 3087 1322 3183 lapis
1350 3089 1446 3162 hanc

144 3243 394 3316 gemmaeque
422 3219 551 3290 iuvant.
609 3217 695 3290 Hoc
724 3221 809 3294 loco
840 3218 933 3314 lapis
963 3233 1020 3290 est
1053 3241 1200 3312 gemma
1227 3242 1301 3288 non
1328 3215 1441 3313 pellu-

145 3346 240 3419 cida.
273 3371 392 3439 2‚3,43
423 3343 516 3441 lapis
545 3347 643 3418 idem
673 3363 731 3419 est
760 3372 805 3420 ac
830 3347 1013 3420 terminus
1049 3368 1214 3438 1‚1o,59:
1243 3344 1360 3440 Lapis
1385 3363 1445 3418 est

146 3476 354 3571 ferrumque
380 3477 401 3548 i.
420 3502 450 3547 e.
477 3476 692 3547 inhumanus
720 3490 789 3549 est.

252 3604 410 3699 Saepius
431 3604 542 3676 ratis
567 3602 819 3698 metaphorice
839 3603 1043 3675 adhibetur.
1079 3625 1219 3694 1,3,4o:
1249 3604 1442 3676 Presserat

145 3750 299 3806 externa
329 3733 450 3804 navita
479 3757 601 3803 merce
630 3746 758 3804 ratem.
803 3737 937 3822 1‚4,46.
972 3752 1103 3822 1,7‚2o.
1140 3754 1271 3822 1‚9,10.
1303 3753 1441 3822 2‚3,40.

147 3885 286 3954 3,3,1o.
319 3882 459 3954 3‚5,24.
515 3859 653 3932 Rostra
685 3881 832 3952 2‚3,4o:
877 3857 1015 3932 Bellica
1051 3884 1133 3931 cum
1171 3859 1289 3931 dubiis
1324 3875 1444 3932 rostra

144 3990 251 4062 dedit
270 3989 418 4060 ratibus.
461 3990 634 4062 Rostrum
652 3988 800 4083 proprie
822 3990 869 4060 de
889 3988 1017 4060 avibus
1035 3988 1171 4059 dicitur.
1204 3984 1283 4060 Ros
1306 3991 1444 4080 3,4‚28:

144 4117 318 4193 Stillabat
345 4117 455 4212 Syrio
483 4132 628 4211 myrtea
655 4141 741 4188 rore
770 4141 877 4188 coma
905 4117 960 4192 i.e.
992 4131 1192 4211 unguento.

253 4247 349 4341 lgnis
369 4271 442 4318 non
467 4244 658 4317 adhibetur
686 4244 752 4316 nisi
781 4250 902 4339 4‚5‚6:
946 4245 985 4317 Si
1014 4244 1078 4316 tibi
1097 4243 1145 4316 de
1166 4244 1271 4317 nobis
1300 4259 1442 4318 mutuus

143 4377 239 4473 ignis
269 4374 378 4447 adest
406 4375 426 4448 i.
459 4400 492 4446 e.
523 4372 712 4468 cupiditas
760 4373 912 4445 Lumina
947 4397 1056 4462 1,2,2:
1086 4372 1258 4466 Occupet
1284 4387 1324 4442 ut
1353 4371 1442 4448 sessi

142 4505 279 4578 lumina
307 4501 467 4602 (oculos)
495 4502 593 4574 victa
623 4526 750 4597 sopor.
786 4525 921 4593 1,2,33.
941 4511 1000 4593 36.
1037 4502 1170 4589 1,8,68.
1201 4517 1337 4591 4,157.

255 4632 316 4704 hd
343 4628 476 4704 bellum
505 4656 714 4726 pacemque
743 4630 943 4726 pertinent:
974 4629 1086 4701 Acies
1120 4648 1263 4720 2‚3‚37:
1298 4626 1443 4703 Praeda
