<?xml version="1.0" encoding="UTF-8"?>
<!DOCTYPE html PUBLIC "-//W3C//DTD XHTML 1.0 Transitional//EN"
    "http://www.w3.org/TR/xhtml1/DTD/xhtml1-transitional.dtd">
<html xmlns="http://www.w3.org/1999/xhtml" xml:lang="en" lang="en">
 <head>
  <title>
</title>
<meta http-equiv="Content-Type" content="text/html;charset=utf-8" />
  <meta name='ocr-system' content='tesseract 3.04.00' />
  <meta name='ocr-capabilities' content='ocr_page ocr_carea ocr_par ocr_line ocrx_word'/>
</head>
<body>
  <div class='ocr_page' id='page_1' title='image "./detropisetfigur00hansgoog_0023.png"; bbox 0 0 3248 5302; ppageno 0'>
   <div class='ocr_carea' id='block_1_1' title="bbox 797 382 839 427">
    <p class='ocr_par' dir='ltr' id='par_1_1' title="bbox 797 382 839 427">
     <span class='ocr_line' id='line_1_1' title="bbox 797 382 839 427; baseline 0 0"><span class='ocrx_word' id='word_1_1' title='bbox 797 382 839 427; x_wconf 93' lang='lat'>20</span> 
     </span>
    </p>
   </div>
   <div class='ocr_carea' id='block_1_2' title="bbox 709 454 919 465">
    <p class='ocr_par' dir='ltr' id='par_1_2' title="bbox 709 454 919 465">
     <span class='ocr_line' id='line_1_2' title="bbox 709 454 919 465; baseline -0.01 0"><span class='ocrx_word' id='word_1_2' title='bbox 709 454 919 465; x_wconf 71' lang='grc'><em>,,..-..--.·</em></span> 
     </span>
    </p>
   </div>
   <div class='ocr_carea' id='block_1_3' title="bbox 27 560 1477 2581">
    <p class='ocr_par' dir='ltr' id='par_1_3' title="bbox 163 560 1477 1689">
     <span class='ocr_line' id='line_1_3' title="bbox 170 560 1474 681; baseline 0.001 -35"><span class='ocrx_word' id='word_1_3' title='bbox 170 583 308 670; x_wconf 78' lang='lat'>2‚1‚67.</span> <span class='ocrx_word' id='word_1_4' title='bbox 339 600 475 681; x_wconf 74' lang='lat'>2‚3,33.</span> <span class='ocrx_word' id='word_1_5' title='bbox 505 597 670 669; x_wconf 73' lang='lat' dir='ltr'>2,5‚1o7.</span> <span class='ocrx_word' id='word_1_6' title='bbox 692 578 854 649; x_wconf 84' lang='lat' dir='ltr'>Fortuna</span> <span class='ocrx_word' id='word_1_7' title='bbox 880 599 1016 667; x_wconf 80' lang='lat'>3‚3,22.</span> <span class='ocrx_word' id='word_1_8' title='bbox 1040 577 1135 647; x_wconf 92' lang='lat' dir='ltr'>Fors</span> <span class='ocrx_word' id='word_1_9' title='bbox 1164 560 1297 666; x_wconf 80' lang='lat' dir='ltr'>r,5,70.</span> <span class='ocrx_word' id='word_1_10' title='bbox 1326 577 1474 648; x_wconf 86' lang='lat' dir='ltr'>Genius</span> 
     </span>
     <span class='ocr_line' id='line_1_4' title="bbox 169 703 1474 795; baseline 0.003 -22"><span class='ocrx_word' id='word_1_11' title='bbox 169 724 280 795; x_wconf 77' lang='lat'><strong>2,2‚5.</strong></span> <span class='ocrx_word' id='word_1_12' title='bbox 304 725 414 795; x_wconf 82' lang='lat'>4,5,9.</span> <span class='ocrx_word' id='word_1_13' title='bbox 445 706 519 775; x_wconf 87' lang='lat' dir='ltr'>Pax</span> <span class='ocrx_word' id='word_1_14' title='bbox 549 725 709 795; x_wconf 80' lang='lat'>1,10‚45.</span> <span class='ocrx_word' id='word_1_15' title='bbox 728 710 788 794; x_wconf 87' lang='lat'>67.</span> <span class='ocrx_word' id='word_1_16' title='bbox 820 705 947 775; x_wconf 87' lang='lat' dir='ltr'>Poena</span> <span class='ocrx_word' id='word_1_17' title='bbox 973 726 1078 793; x_wconf 68' lang='lat'>1‚9,4.</span> <span class='ocrx_word' id='word_1_18' title='bbox 1112 703 1254 774; x_wconf 90' lang='lat' dir='ltr'>Rumor</span> <span class='ocrx_word' id='word_1_19' title='bbox 1271 726 1415 793; x_wconf 78' lang='lat'>4,14‚1.</span> <span class='ocrx_word' id='word_1_20' title='bbox 1435 727 1474 793; x_wconf 85' lang='lat'>4.</span> 
     </span>
     <span class='ocr_line' id='line_1_5' title="bbox 165 821 1475 924; baseline 0 -22"><span class='ocrx_word' id='word_1_21' title='bbox 165 831 263 924; x_wconf 85' lang='lat' dir='ltr'>Spes</span> <span class='ocrx_word' id='word_1_22' title='bbox 298 854 406 918; x_wconf 82' lang='lat'>1,1‚9,</span> <span class='ocrx_word' id='word_1_23' title='bbox 440 835 665 924; x_wconf 76' lang='lat' dir='ltr'>2‚6‚2osqq.</span> <span class='ocrx_word' id='word_1_24' title='bbox 696 821 835 922; x_wconf 66' lang='lat'>4,1,25&#39;.</span> <span class='ocrx_word' id='word_1_25' title='bbox 867 830 1032 901; x_wconf 80' lang='lat' dir='ltr'>Victoria</span> <span class='ocrx_word' id='word_1_26' title='bbox 1075 851 1207 922; x_wconf 83' lang='lat'>2‚5‚45.</span> <span class='ocrx_word' id='word_1_27' title='bbox 1265 831 1475 903; x_wconf 87' lang='lat' dir='ltr'>Praeterea</span> 
     </span>
     <span class='ocr_line' id='line_1_6' title="bbox 167 957 1477 1050; baseline 0 -22"><span class='ocrx_word' id='word_1_28' title='bbox 167 957 521 1030; x_wconf 86' lang='lat' dir='ltr'>commemoratione</span> <span class='ocrx_word' id='word_1_29' title='bbox 543 957 643 1050; x_wconf 86' lang='lat' dir='ltr'>digni</span> <span class='ocrx_word' id='word_1_30' title='bbox 664 958 831 1029; x_wconf 90' lang='lat' dir='ltr'>videntur</span> <span class='ocrx_word' id='word_1_31' title='bbox 850 958 884 1029; x_wconf 91' lang='lat' dir='ltr'>hi</span> <span class='ocrx_word' id='word_1_32' title='bbox 900 959 987 1029; x_wconf 90' lang='lat' dir='ltr'>loci:</span> <span class='ocrx_word' id='word_1_33' title='bbox 1012 958 1121 1046; x_wconf 88' lang='lat'>1‚8,9:</span> <span class='ocrx_word' id='word_1_34' title='bbox 1152 959 1329 1030; x_wconf 88' lang='lat' dir='ltr'>Cantus</span> <span class='ocrx_word' id='word_1_35' title='bbox 1348 958 1477 1030; x_wconf 87' lang='lat' dir='ltr'>vicinis</span> 
     </span>
     <span class='ocr_line' id='line_1_7' title="bbox 164 1083 1476 1180; baseline 0.001 -25"><span class='ocrx_word' id='word_1_36' title='bbox 164 1085 290 1179; x_wconf 82' lang='lat' dir='ltr'>fruges</span> <span class='ocrx_word' id='word_1_37' title='bbox 306 1087 463 1158; x_wconf 90' lang='lat' dir='ltr'>traducit</span> <span class='ocrx_word' id='word_1_38' title='bbox 478 1087 525 1157; x_wconf 93' lang='lat' dir='ltr'>ab</span> <span class='ocrx_word' id='word_1_39' title='bbox 541 1086 652 1178; x_wconf 81' lang='lat' dir='ltr'>agris</span> <span class='ocrx_word' id='word_1_40' title='bbox 668 1130 719 1138; x_wconf 90' lang='lat'>—</span> <span class='ocrx_word' id='word_1_41' title='bbox 737 1091 872 1176; x_wconf 83' lang='lat'>3‚2,61:</span> <span class='ocrx_word' id='word_1_42' title='bbox 897 1085 1050 1180; x_wconf 82' lang='lat' dir='ltr'>Frangit</span> <span class='ocrx_word' id='word_1_43' title='bbox 1066 1085 1175 1156; x_wconf 88' lang='lat' dir='ltr'>fortia</span> <span class='ocrx_word' id='word_1_44' title='bbox 1191 1087 1306 1157; x_wconf 91' lang='lat' dir='ltr'>corda</span> <span class='ocrx_word' id='word_1_45' title='bbox 1327 1083 1403 1156; x_wconf 88' lang='lat' dir='ltr'>dol</span> <span class='ocrx_word' id='word_1_46' title='bbox 1414 1111 1476 1156; x_wconf 91' lang='lat' dir='ltr'>or.</span> 
     </span>
     <span class='ocr_line' id='line_1_8' title="bbox 163 1212 1473 1305; baseline 0.002 -22"><span class='ocrx_word' id='word_1_47' title='bbox 163 1217 327 1302; x_wconf 77' lang='lat'>4‚1,189.</span> <span class='ocrx_word' id='word_1_48' title='bbox 369 1255 414 1268; x_wconf 42' lang='lat' dir='ltr'>-w</span> <span class='ocrx_word' id='word_1_49' title='bbox 457 1235 601 1305; x_wconf 81' lang='lat'>3‚3‚35:</span> <span class='ocrx_word' id='word_1_50' title='bbox 640 1212 718 1284; x_wconf 79' lang='lat' dir='ltr'>Aut</span> <span class='ocrx_word' id='word_1_51' title='bbox 753 1213 782 1282; x_wconf 83' lang='lat' dir='ltr'>si</span> <span class='ocrx_word' id='word_1_52' title='bbox 818 1213 910 1283; x_wconf 87' lang='lat' dir='ltr'>Iata</span> <span class='ocrx_word' id='word_1_53' title='bbox 952 1230 1093 1305; x_wconf 83' lang='lat' dir='ltr'>negant</span> <span class='ocrx_word' id='word_1_54' title='bbox 1122 1212 1289 1282; x_wconf 90' lang='lat' dir='ltr'>reditum.</span> <span class='ocrx_word' id='word_1_55' title='bbox 1330 1233 1473 1305; x_wconf 78' lang='lat'>3‚5,32.</span> 
     </span>
     <span class='ocr_line' id='line_1_9' title="bbox 163 1339 1475 1434; baseline 0.001 -23"><span class='ocrx_word' id='word_1_56' title='bbox 163 1364 332 1433; x_wconf 74' lang='lat'>4,1‚203.</span> <span class='ocrx_word' id='word_1_57' title='bbox 368 1389 411 1397; x_wconf 83' lang='lat'>-</span> <span class='ocrx_word' id='word_1_58' title='bbox 444 1359 586 1434; x_wconf 80' lang='lat'>3,4‚77:</span> <span class='ocrx_word' id='word_1_59' title='bbox 617 1339 731 1430; x_wconf 81' lang='lat' dir='ltr'>Quod</span> <span class='ocrx_word' id='word_1_60' title='bbox 761 1339 790 1410; x_wconf 89' lang='lat' dir='ltr'>si</span> <span class='ocrx_word' id='word_1_61' title='bbox 825 1364 913 1409; x_wconf 90' lang='lat' dir='ltr'>vera</span> <span class='ocrx_word' id='word_1_62' title='bbox 943 1356 1079 1410; x_wconf 91' lang='lat' dir='ltr'>canunt</span> <span class='ocrx_word' id='word_1_63' title='bbox 1115 1341 1228 1411; x_wconf 86' lang='lat' dir='ltr'>sacris</span> <span class='ocrx_word' id='word_1_64' title='bbox 1264 1343 1475 1412; x_wconf 89' lang='lat' dir='ltr'>oracula</span> 
     </span>
     <span class='ocr_line' id='line_1_10' title="bbox 164 1464 1473 1563; baseline -0.001 -24"><span class='ocrx_word' id='word_1_65' title='bbox 164 1469 319 1563; x_wconf 88' lang='lat' dir='ltr'>templis.</span> <span class='ocrx_word' id='word_1_66' title='bbox 336 1513 385 1521; x_wconf 80' lang='lat'>--</span> <span class='ocrx_word' id='word_1_67' title='bbox 405 1475 525 1560; x_wconf 77' lang='lat'><strong>3‚6‚7:</strong></span> <span class='ocrx_word' id='word_1_68' title='bbox 557 1471 607 1539; x_wconf 92' lang='lat' dir='ltr'>lte</span> <span class='ocrx_word' id='word_1_69' title='bbox 628 1464 764 1560; x_wconf 85' lang='lat' dir='ltr'>procul,</span> <span class='ocrx_word' id='word_1_70' title='bbox 785 1466 912 1536; x_wconf 92' lang='lat' dir='ltr'>durum</span> <span class='ocrx_word' id='word_1_71' title='bbox 933 1492 1066 1538; x_wconf 89' lang='lat' dir='ltr'>curae</span> <span class='ocrx_word' id='word_1_72' title='bbox 1085 1494 1248 1562; x_wconf 74' lang='lat' dir='ltr'>genuS,</span> <span class='ocrx_word' id='word_1_73' title='bbox 1269 1467 1318 1538; x_wconf 91' lang='lat' dir='ltr'>ite</span> <span class='ocrx_word' id='word_1_74' title='bbox 1338 1464 1473 1539; x_wconf 92' lang='lat' dir='ltr'>labo-</span> 
     </span>
     <span class='ocr_line' id='line_1_11' title="bbox 163 1570 1471 1689; baseline 0.002 -25"><span class='ocrx_word' id='word_1_75' title='bbox 163 1570 249 1668; x_wconf 78' lang='lat' dir='ltr'>res.</span> <span class='ocrx_word' id='word_1_76' title='bbox 283 1601 417 1688; x_wconf 81' lang='lat'>3‚6‚37.</span> <span class='ocrx_word' id='word_1_77' title='bbox 441 1641 489 1650; x_wconf 87' lang='lat'><em>-</em></span> <span class='ocrx_word' id='word_1_78' title='bbox 513 1619 630 1686; x_wconf 81' lang='lat'>2‚4‚2:</span> <span class='ocrx_word' id='word_1_79' title='bbox 658 1594 731 1664; x_wconf 93' lang='lat' dir='ltr'>Iam</span> <span class='ocrx_word' id='word_1_80' title='bbox 751 1593 842 1675; x_wconf 90' lang='lat' dir='ltr'>mihi,</span> <span class='ocrx_word' id='word_1_81' title='bbox 872 1593 1076 1665; x_wconf 86' lang='lat' dir='ltr'>libertas</span> <span class='ocrx_word' id='word_1_82' title='bbox 1102 1592 1161 1664; x_wconf 93' lang='lat' dir='ltr'>illa</span> <span class='ocrx_word' id='word_1_83' title='bbox 1182 1612 1354 1689; x_wconf 86' lang='lat' dir='ltr'>paterna,</span> <span class='ocrx_word' id='word_1_84' title='bbox 1376 1593 1471 1666; x_wconf 87' lang='lat' dir='ltr'>vale.</span> 
     </span>
    </p>

    <p class='ocr_par' dir='ltr' id='par_1_4' title="bbox 163 1721 1472 1945">
     <span class='ocr_line' id='line_1_12' title="bbox 163 1721 1471 1816; baseline 0.001 -24"><span class='ocrx_word' id='word_1_85' title='bbox 163 1767 213 1774; x_wconf 92' lang='lat'><strong>—</strong></span> <span class='ocrx_word' id='word_1_86' title='bbox 247 1745 380 1815; x_wconf 81' lang='lat'>2‚3‚37.</span> <span class='ocrx_word' id='word_1_87' title='bbox 401 1749 465 1815; x_wconf 83' lang='lat'>39:</span> <span class='ocrx_word' id='word_1_88' title='bbox 507 1722 696 1794; x_wconf 88' lang='lat' dir='ltr'>Praeda</span> <span class='ocrx_word' id='word_1_89' title='bbox 726 1721 834 1792; x_wconf 86' lang='lat' dir='ltr'>cinxit</span> <span class='ocrx_word' id='word_1_90' title='bbox 950 1723 1094 1816; x_wconf 90' lang='lat' dir='ltr'>praeda</span> <span class='ocrx_word' id='word_1_91' title='bbox 1122 1723 1235 1796; x_wconf 87' lang='lat' dir='ltr'>iussit.</span> <span class='ocrx_word' id='word_1_92' title='bbox 1266 1767 1317 1775; x_wconf 92' lang='grc'>-</span> <span class='ocrx_word' id='word_1_93' title='bbox 1347 1722 1471 1793; x_wconf 81' lang='lat' dir='ltr'>Aetas</span> 
     </span>
     <span class='ocr_line' id='line_1_13' title="bbox 165 1849 1472 1945; baseline 0 -25"><span class='ocrx_word' id='word_1_94' title='bbox 165 1858 312 1940; x_wconf 73' lang='lat'>3‚4‚26:</span> <span class='ocrx_word' id='word_1_95' title='bbox 354 1850 440 1922; x_wconf 90' lang='lat' dir='ltr'>Non</span> <span class='ocrx_word' id='word_1_96' title='bbox 477 1850 537 1922; x_wconf 92' lang='lat' dir='ltr'>illo</span> <span class='ocrx_word' id='word_1_97' title='bbox 577 1850 771 1944; x_wconf 87' lang='lat' dir='ltr'>quicquam</span> <span class='ocrx_word' id='word_1_98' title='bbox 812 1849 1009 1920; x_wconf 74' lang='lat' dir='ltr'>formosius</span> <span class='ocrx_word' id='word_1_99' title='bbox 1045 1852 1117 1921; x_wconf 92' lang='lat' dir='ltr'>ulla</span> <span class='ocrx_word' id='word_1_100' title='bbox 1156 1850 1316 1945; x_wconf 85' lang='lat' dir='ltr'>priorum</span> <span class='ocrx_word' id='word_1_101' title='bbox 1361 1865 1472 1921; x_wconf 89' lang='lat' dir='ltr'>aetas</span> 
     </span>
    </p>

    <p class='ocr_par' dir='ltr' id='par_1_5' title="bbox 27 1977 1471 2581">
     <span class='ocr_line' id='line_1_14' title="bbox 67 1977 1471 2069; baseline 0.001 -23"><span class='ocrx_word' id='word_1_102' title='bbox 67 2017 70 2021; x_wconf 34' lang='grc' dir='ltr'><em>ν</em></span> <span class='ocrx_word' id='word_1_103' title='bbox 162 1977 250 2048; x_wconf 91' lang='lat' dir='ltr'>tulit.</span> <span class='ocrx_word' id='word_1_104' title='bbox 289 2001 422 2068; x_wconf 83' lang='lat'>4,1‚11.</span> <span class='ocrx_word' id='word_1_105' title='bbox 447 2003 527 2049; x_wconf 87' lang='lat'>111.</span> <span class='ocrx_word' id='word_1_106' title='bbox 562 1978 725 2049; x_wconf 90' lang='lat' dir='ltr'>Senecta</span> <span class='ocrx_word' id='word_1_107' title='bbox 765 1982 904 2069; x_wconf 82' lang='lat'>3‚5,16:</span> <span class='ocrx_word' id='word_1_108' title='bbox 946 1977 1026 2048; x_wconf 90' lang='lat' dir='ltr'>Nec</span> <span class='ocrx_word' id='word_1_109' title='bbox 1065 1977 1166 2048; x_wconf 90' lang='lat' dir='ltr'>venit</span> <span class='ocrx_word' id='word_1_110' title='bbox 1204 1977 1313 2047; x_wconf 88' lang='lat' dir='ltr'>tardo</span> <span class='ocrx_word' id='word_1_111' title='bbox 1354 2001 1471 2048; x_wconf 90' lang='lat' dir='ltr'>curva</span> 
     </span>
     <span class='ocr_line' id='line_1_15' title="bbox 27 2105 1467 2201; baseline 0.001 -27"><span class='ocrx_word' id='word_1_112' title='bbox 27 2128 58 2201; x_wconf 79' lang='lat'>‘.</span> <span class='ocrx_word' id='word_1_113' title='bbox 163 2121 316 2175; x_wconf 81' lang='lat' dir='ltr'>senecta</span> <span class='ocrx_word' id='word_1_114' title='bbox 344 2105 453 2199; x_wconf 89' lang='lat' dir='ltr'>pede.</span> <span class='ocrx_word' id='word_1_115' title='bbox 511 2107 614 2176; x_wconf 82' lang='lat' dir='ltr'>Mors</span> <span class='ocrx_word' id='word_1_116' title='bbox 640 2123 782 2192; x_wconf 78' lang='lat' dir='ltr'>1,1,7o:</span> <span class='ocrx_word' id='word_1_117' title='bbox 811 2107 883 2176; x_wconf 91' lang='lat' dir='ltr'>Iam</span> <span class='ocrx_word' id='word_1_118' title='bbox 911 2106 1037 2175; x_wconf 83' lang='lat' dir='ltr'>veniet</span> <span class='ocrx_word' id='word_1_119' title='bbox 1056 2105 1218 2176; x_wconf 87' lang='lat' dir='ltr'>tenebris</span> <span class='ocrx_word' id='word_1_120' title='bbox 1238 2105 1342 2175; x_wconf 83' lang='lat' dir='ltr'>llIors</span> <span class='ocrx_word' id='word_1_121' title='bbox 1373 2105 1467 2175; x_wconf 87' lang='lat' dir='ltr'>ado-</span> 
     </span>
     <span class='ocr_line' id='line_1_16' title="bbox 163 2229 1468 2326; baseline 0.001 -25"><span class='ocrx_word' id='word_1_122' title='bbox 163 2247 271 2325; x_wconf 90' lang='lat' dir='ltr'>perta</span> <span class='ocrx_word' id='word_1_123' title='bbox 292 2249 413 2326; x_wconf 90' lang='lat' dir='ltr'>caput.</span> <span class='ocrx_word' id='word_1_124' title='bbox 441 2258 468 2316; x_wconf 89' lang='lat'>1,</span> <span class='ocrx_word' id='word_1_125' title='bbox 477 2256 547 2323; x_wconf 75' lang='lat'>3‚4.</span> <span class='ocrx_word' id='word_1_126' title='bbox 569 2232 688 2304; x_wconf 91' lang='lat' dir='ltr'>Orcus</span> <span class='ocrx_word' id='word_1_127' title='bbox 712 2256 742 2322; x_wconf 78' lang='lat'>3,</span> <span class='ocrx_word' id='word_1_128' title='bbox 749 2254 781 2321; x_wconf 77' lang='lat'>3,</span> <span class='ocrx_word' id='word_1_129' title='bbox 789 2233 850 2322; x_wconf 83' lang='lat'>38:</span> <span class='ocrx_word' id='word_1_130' title='bbox 880 2233 943 2302; x_wconf 82' lang='lat' dir='ltr'>Ille</span> <span class='ocrx_word' id='word_1_131' title='bbox 964 2249 1096 2303; x_wconf 87' lang='lat' dir='ltr'>vocet.</span> <span class='ocrx_word' id='word_1_132' title='bbox 1116 2286 1148 2303; x_wconf 90' lang='lat'>..</span> <span class='ocrx_word' id='word_1_133' title='bbox 1177 2229 1313 2301; x_wconf 90' lang='lat' dir='ltr'>luridus</span> <span class='ocrx_word' id='word_1_134' title='bbox 1334 2229 1468 2302; x_wconf 87' lang='lat' dir='ltr'>Orcus.</span> 
     </span>
     <span class='ocr_line' id='line_1_17' title="bbox 163 2356 1469 2453; baseline 0.001 -25"><span class='ocrx_word' id='word_1_135' title='bbox 163 2356 323 2428; x_wconf 85' lang='lat' dir='ltr'>Somnus</span> <span class='ocrx_word' id='word_1_136' title='bbox 347 2381 491 2448; x_wconf 73' lang='lat' dir='ltr'>2,1,9o:</span> <span class='ocrx_word' id='word_1_137' title='bbox 522 2358 684 2453; x_wconf 85' lang='lat' dir='ltr'>Postque</span> <span class='ocrx_word' id='word_1_138' title='bbox 715 2359 814 2430; x_wconf 90' lang='lat' dir='ltr'>venit</span> <span class='ocrx_word' id='word_1_139' title='bbox 840 2360 973 2430; x_wconf 89' lang='lat' dir='ltr'>tacitus</span> <span class='ocrx_word' id='word_1_140' title='bbox 994 2359 1103 2429; x_wconf 80' lang='lat' dir='ltr'>furvis</span> <span class='ocrx_word' id='word_1_141' title='bbox 1134 2357 1379 2429; x_wconf 88' lang='lat' dir='ltr'>circumdatus</span> <span class='ocrx_word' id='word_1_142' title='bbox 1400 2357 1469 2429; x_wconf 91' lang='lat' dir='ltr'>alis</span> 
     </span>
     <span class='ocr_line' id='line_1_18' title="bbox 164 2483 1467 2581; baseline 0.004 -28"><span class='ocrx_word' id='word_1_143' title='bbox 164 2483 322 2555; x_wconf 84' lang='lat' dir='ltr'>Somnus</span> <span class='ocrx_word' id='word_1_144' title='bbox 352 2500 389 2555; x_wconf 91' lang='lat' dir='ltr'>et</span> <span class='ocrx_word' id='word_1_145' title='bbox 431 2485 574 2556; x_wconf 87' lang='lat' dir='ltr'>incerto</span> <span class='ocrx_word' id='word_1_146' title='bbox 603 2486 754 2557; x_wconf 89' lang='lat' dir='ltr'>Somnia</span> <span class='ocrx_word' id='word_1_147' title='bbox 783 2487 888 2581; x_wconf 81' lang='lat' dir='ltr'>nigra</span> <span class='ocrx_word' id='word_1_148' title='bbox 916 2485 1028 2580; x_wconf 83' lang='lat' dir='ltr'>pede.</span> <span class='ocrx_word' id='word_1_149' title='bbox 1071 2508 1208 2577; x_wconf 78' lang='lat'>1,9‚27.</span> <span class='ocrx_word' id='word_1_150' title='bbox 1242 2508 1467 2576; x_wconf 76' lang='lat'>3,4‚12.20.</span> 
     </span>
    </p>
   </div>
   <div class='ocr_carea' id='block_1_4' title="bbox 165 2611 716 2705">
    <p class='ocr_par' dir='ltr' id='par_1_6' title="bbox 165 2611 716 2705">
     <span class='ocr_line' id='line_1_19' title="bbox 165 2611 716 2705; baseline 0.009 -26"><span class='ocrx_word' id='word_1_151' title='bbox 165 2633 223 2700; x_wconf 83' lang='lat'>55.</span> <span class='ocrx_word' id='word_1_152' title='bbox 254 2611 408 2681; x_wconf 87' lang='lat' dir='ltr'>Somnia</span> <span class='ocrx_word' id='word_1_153' title='bbox 443 2633 574 2703; x_wconf 79' lang='lat'>1,5,13.</span> <span class='ocrx_word' id='word_1_154' title='bbox 606 2636 716 2705; x_wconf 74' lang='lat'>3,4‚7.</span> 
     </span>
    </p>
   </div>
   <div class='ocr_carea' id='block_1_5' title="bbox 581 2909 1052 3004">
    <p class='ocr_par' dir='ltr' id='par_1_7' title="bbox 581 2909 1052 3004">
     <span class='ocr_line' id='line_1_20' title="bbox 581 2909 1052 3004; baseline 0.006 -26"><span class='ocrx_word' id='word_1_155' title='bbox 581 2934 612 2981; x_wconf 91' lang='lat'>2.</span> <span class='ocrx_word' id='word_1_156' title='bbox 670 2909 1052 3004; x_wconf 85' lang='lat' dir='ltr'>Synecdoche.</span> 
     </span>
    </p>
   </div>
   <div class='ocr_carea' id='block_1_6' title="bbox 270 3118 1465 3216">
    <p class='ocr_par' dir='ltr' id='par_1_8' title="bbox 270 3118 1465 3216">
     <span class='ocr_line' id='line_1_21' title="bbox 270 3118 1465 3216; baseline 0.003 -26"><span class='ocrx_word' id='word_1_157' title='bbox 270 3120 474 3211; x_wconf 82' lang='lat' dir='ltr'>Quintilian.</span> <span class='ocrx_word' id='word_1_158' title='bbox 498 3120 586 3205; x_wconf 87' lang='lat' dir='ltr'><strong>VIII,</strong></span> <span class='ocrx_word' id='word_1_159' title='bbox 609 3118 706 3212; x_wconf 83' lang='lat'>6,19&#39;.</span> <span class='ocrx_word' id='word_1_160' title='bbox 733 3146 793 3195; x_wconf 86' lang='lat'>20:</span> <span class='ocrx_word' id='word_1_161' title='bbox 813 3122 1062 3216; x_wconf 85' lang='lat' dir='ltr'>Synecdoche</span> <span class='ocrx_word' id='word_1_162' title='bbox 1085 3122 1226 3192; x_wconf 90' lang='lat' dir='ltr'>variare</span> <span class='ocrx_word' id='word_1_163' title='bbox 1251 3145 1465 3193; x_wconf 89' lang='lat' dir='ltr'>sermonem</span> 
     </span>
    </p>
   </div>
   <div class='ocr_carea' id='block_1_7' title="bbox 162 3227 1464 3344">
    <p class='ocr_par' dir='ltr' id='par_1_9' title="bbox 162 3227 1464 3344">
     <span class='ocr_line' id='line_1_22' title="bbox 162 3227 1464 3344; baseline 0.003 -28"><span class='ocrx_word' id='word_1_164' title='bbox 162 3262 290 3341; x_wconf 89' lang='lat' dir='ltr'>potest</span> <span class='ocrx_word' id='word_1_165' title='bbox 316 3262 355 3317; x_wconf 90' lang='lat' dir='ltr'>ut</span> <span class='ocrx_word' id='word_1_166' title='bbox 384 3273 430 3317; x_wconf 88' lang='lat' dir='ltr'>ex</span> <span class='ocrx_word' id='word_1_167' title='bbox 460 3271 532 3317; x_wconf 91' lang='lat' dir='ltr'>uno</span> <span class='ocrx_word' id='word_1_168' title='bbox 560 3251 684 3341; x_wconf 87' lang='lat' dir='ltr'>plures</span> <span class='ocrx_word' id='word_1_169' title='bbox 727 3250 991 3342; x_wconf 72' lang='lat' dir='ltr'>intellegamus</span> <span class='ocrx_word' id='word_1_170' title='bbox 1035 3265 1140 3341; x_wconf 86' lang='lat' dir='ltr'>parte</span> <span class='ocrx_word' id='word_1_171' title='bbox 1176 3227 1301 3335; x_wconf 86' lang='lat' dir='ltr'>totum,</span> <span class='ocrx_word' id='word_1_172' title='bbox 1331 3250 1464 3344; x_wconf 82' lang='lat' dir='ltr'>specie</span> 
     </span>
    </p>
   </div>
   <div class='ocr_carea' id='block_1_8' title="bbox 158 3374 1511 4615">
    <p class='ocr_par' dir='ltr' id='par_1_10' title="bbox 158 3374 1511 4615">
     <span class='ocr_line' id='line_1_23' title="bbox 161 3374 1463 3471; baseline 0.003 -28"><span class='ocrx_word' id='word_1_173' title='bbox 161 3398 290 3467; x_wconf 86' lang='lat' dir='ltr'>genus,</span> <span class='ocrx_word' id='word_1_174' title='bbox 311 3375 624 3470; x_wconf 88' lang='lat' dir='ltr'>praecedentibus</span> <span class='ocrx_word' id='word_1_175' title='bbox 645 3377 842 3471; x_wconf 90' lang='lat' dir='ltr'>sequentia</span> <span class='ocrx_word' id='word_1_176' title='bbox 866 3378 924 3447; x_wconf 83' lang='lat' dir='ltr'>vel</span> <span class='ocrx_word' id='word_1_177' title='bbox 946 3377 1069 3448; x_wconf 92' lang='lat' dir='ltr'>omnia</span> <span class='ocrx_word' id='word_1_178' title='bbox 1088 3377 1184 3447; x_wconf 89' lang='lat' dir='ltr'>haec</span> <span class='ocrx_word' id='word_1_179' title='bbox 1206 3391 1351 3448; x_wconf 89' lang='lat' dir='ltr'>contra:</span> <span class='ocrx_word' id='word_1_180' title='bbox 1375 3374 1463 3447; x_wconf 92' lang='lat' dir='ltr'>libe-</span> 
     </span>
     <span class='ocr_line' id='line_1_24' title="bbox 161 3501 1463 3598; baseline 0.003 -28"><span class='ocrx_word' id='word_1_181' title='bbox 161 3501 235 3572; x_wconf 94' lang='lat' dir='ltr'>rior</span> <span class='ocrx_word' id='word_1_182' title='bbox 255 3503 377 3595; x_wconf 75' lang='lat' dir='ltr'>poetis</span> <span class='ocrx_word' id='word_1_183' title='bbox 399 3527 509 3596; x_wconf 93' lang='lat' dir='ltr'>quam</span> <span class='ocrx_word' id='word_1_184' title='bbox 530 3504 748 3576; x_wconf 87' lang='lat' dir='ltr'>oratoribus.</span> <span class='ocrx_word' id='word_1_185' title='bbox 792 3504 886 3576; x_wconf 91' lang='lat' dir='ltr'>Nam</span> <span class='ocrx_word' id='word_1_186' title='bbox 904 3529 1017 3598; x_wconf 90' lang='lat' dir='ltr'>prosa</span> <span class='ocrx_word' id='word_1_187' title='bbox 1037 3520 1075 3573; x_wconf 91' lang='lat' dir='ltr'>ut</span> <span class='ocrx_word' id='word_1_188' title='bbox 1105 3528 1255 3574; x_wconf 90' lang='lat' dir='ltr'>mucro</span> <span class='ocrx_word' id='word_1_189' title='bbox 1269 3528 1371 3573; x_wconf 89' lang='lat' dir='ltr'>nem</span> <span class='ocrx_word' id='word_1_190' title='bbox 1392 3528 1463 3597; x_wconf 91' lang='lat' dir='ltr'>pro</span> 
     </span>
     <span class='ocr_line' id='line_1_25' title="bbox 160 3625 1463 3726; baseline 0.003 -29"><span class='ocrx_word' id='word_1_191' title='bbox 160 3625 330 3724; x_wconf 82' lang='lat' dir='ltr'>gladio</span> <span class='ocrx_word' id='word_1_192' title='bbox 361 3645 398 3700; x_wconf 87' lang='lat' dir='ltr'>et</span> <span class='ocrx_word' id='word_1_193' title='bbox 432 3646 609 3702; x_wconf 88' lang='lat' dir='ltr'>tectum</span> <span class='ocrx_word' id='word_1_194' title='bbox 637 3656 707 3726; x_wconf 90' lang='lat' dir='ltr'>pro</span> <span class='ocrx_word' id='word_1_195' title='bbox 736 3632 868 3702; x_wconf 86' lang='lat' dir='ltr'>domo</span> <span class='ocrx_word' id='word_1_196' title='bbox 904 3630 1071 3725; x_wconf 87' lang='lat' dir='ltr'>recipiet,</span> <span class='ocrx_word' id='word_1_197' title='bbox 1100 3629 1151 3701; x_wconf 85' lang='lat' dir='ltr'>ita</span> <span class='ocrx_word' id='word_1_198' title='bbox 1179 3653 1251 3700; x_wconf 90' lang='lat' dir='ltr'>non</span> <span class='ocrx_word' id='word_1_199' title='bbox 1281 3630 1463 3725; x_wconf 89' lang='lat' dir='ltr'>puppim</span> 
     </span>
     <span class='ocr_line' id='line_1_26' title="bbox 160 3756 1463 3854; baseline 0.002 -29"><span class='ocrx_word' id='word_1_200' title='bbox 160 3780 229 3849; x_wconf 93' lang='lat' dir='ltr'>pro</span> <span class='ocrx_word' id='word_1_201' title='bbox 266 3756 368 3827; x_wconf 91' lang='lat' dir='ltr'>navi</span> <span class='ocrx_word' id='word_1_202' title='bbox 406 3780 477 3827; x_wconf 85' lang='lat' dir='ltr'>nec</span> <span class='ocrx_word' id='word_1_203' title='bbox 507 3758 709 3830; x_wconf 90' lang='lat' dir='ltr'>abietem</span> <span class='ocrx_word' id='word_1_204' title='bbox 745 3782 814 3854; x_wconf 90' lang='lat' dir='ltr'>pro</span> <span class='ocrx_word' id='word_1_205' title='bbox 853 3756 1070 3847; x_wconf 78' lang='lat' dir='ltr'>tabellis;</span> <span class='ocrx_word' id='word_1_206' title='bbox 1106 3774 1143 3829; x_wconf 92' lang='lat' dir='ltr'>et</span> <span class='ocrx_word' id='word_1_207' title='bbox 1171 3783 1294 3827; x_wconf 87' lang='lat' dir='ltr'>rursus</span> <span class='ocrx_word' id='word_1_208' title='bbox 1323 3774 1463 3850; x_wconf 90' lang='lat' dir='ltr'>utpro</span> 
     </span>
     <span class='ocr_line' id='line_1_27' title="bbox 160 3880 1463 3981; baseline 0.002 -29"><span class='ocrx_word' id='word_1_209' title='bbox 160 3880 324 3978; x_wconf 79' lang='lat' dir='ltr'>gladio</span> <span class='ocrx_word' id='word_1_210' title='bbox 354 3885 541 3970; x_wconf 72' lang='lat' dir='ltr'>serrum,</span> <span class='ocrx_word' id='word_1_211' title='bbox 573 3910 648 3957; x_wconf 92' lang='lat' dir='ltr'>non</span> <span class='ocrx_word' id='word_1_212' title='bbox 668 3912 736 3980; x_wconf 90' lang='lat' dir='ltr'>pro</span> <span class='ocrx_word' id='word_1_213' title='bbox 757 3885 1249 3981; x_wconf 86' lang='lat' dir='ltr'>equoquadrupedem.</span> <span class='ocrx_word' id='word_1_214' title='bbox 1301 3883 1463 3955; x_wconf 83' lang='lat' dir='ltr'>Maxime</span> 
     </span>
     <span class='ocr_line' id='line_1_28' title="bbox 162 4010 1465 4085; baseline 0.001 -4"><span class='ocrx_word' id='word_1_215' title='bbox 162 4025 286 4081; x_wconf 88' lang='lat' dir='ltr'>autem</span> <span class='ocrx_word' id='word_1_216' title='bbox 321 4011 356 4081; x_wconf 91' lang='lat' dir='ltr'>in</span> <span class='ocrx_word' id='word_1_217' title='bbox 395 4013 538 4083; x_wconf 93' lang='lat' dir='ltr'>orando</span> <span class='ocrx_word' id='word_1_218' title='bbox 565 4011 706 4084; x_wconf 84' lang='lat' dir='ltr'>valebit</span> <span class='ocrx_word' id='word_1_219' title='bbox 733 4039 964 4085; x_wconf 89' lang='lat' dir='ltr'>numerorum</span> <span class='ocrx_word' id='word_1_220' title='bbox 994 4011 1052 4083; x_wconf 92' lang='lat' dir='ltr'>illa</span> <span class='ocrx_word' id='word_1_221' title='bbox 1080 4010 1241 4083; x_wconf 79' lang='lat' dir='ltr'>libertas,</span> <span class='ocrx_word' id='word_1_222' title='bbox 1298 4011 1393 4081; x_wconf 91' lang='lat' dir='ltr'>Nam</span> <span class='ocrx_word' id='word_1_223' title='bbox 1424 4027 1465 4082; x_wconf 87' lang='lat' dir='ltr'>et</span> 
     </span>
     <span class='ocr_line' id='line_1_29' title="bbox 162 4136 1461 4234; baseline 0.002 -26"><span class='ocrx_word' id='word_1_224' title='bbox 162 4138 284 4209; x_wconf 90' lang='lat' dir='ltr'>Livius</span> <span class='ocrx_word' id='word_1_225' title='bbox 314 4163 429 4232; x_wconf 90' lang='lat' dir='ltr'>saepe</span> <span class='ocrx_word' id='word_1_226' title='bbox 458 4141 508 4210; x_wconf 92' lang='lat' dir='ltr'>sic</span> <span class='ocrx_word' id='word_1_227' title='bbox 538 4141 641 4213; x_wconf 89' lang='lat' dir='ltr'>dicit:</span> <span class='ocrx_word' id='word_1_228' title='bbox 671 4144 861 4213; x_wconf 89' lang='lat' dir='ltr'>Romanus</span> <span class='ocrx_word' id='word_1_229' title='bbox 890 4136 1033 4234; x_wconf 89' lang='lat' dir='ltr'>proelio</span> <span class='ocrx_word' id='word_1_230' title='bbox 1060 4140 1187 4227; x_wconf 75' lang='lat' dir='ltr'>victor,</span> <span class='ocrx_word' id='word_1_231' title='bbox 1216 4164 1295 4209; x_wconf 89' lang='lat' dir='ltr'>cum</span> <span class='ocrx_word' id='word_1_232' title='bbox 1321 4137 1461 4210; x_wconf 89' lang='lat' dir='ltr'>Roma-</span> 
     </span>
     <span class='ocr_line' id='line_1_30' title="bbox 161 4265 1460 4362; baseline 0 -27"><span class='ocrx_word' id='word_1_233' title='bbox 161 4290 228 4337; x_wconf 92' lang='lat' dir='ltr'>nos</span> <span class='ocrx_word' id='word_1_234' title='bbox 256 4265 391 4336; x_wconf 86' lang='lat' dir='ltr'>vicisse</span> <span class='ocrx_word' id='word_1_235' title='bbox 421 4266 626 4362; x_wconf 51' lang='lat' dir='ltr'>significan</span> <span class='ocrx_word' id='word_1_236' title='bbox 657 4286 696 4340; x_wconf 93' lang='lat' dir='ltr'>et</span> <span class='ocrx_word' id='word_1_237' title='bbox 724 4284 852 4339; x_wconf 89' lang='lat' dir='ltr'>contra</span> <span class='ocrx_word' id='word_1_238' title='bbox 873 4267 1008 4338; x_wconf 88' lang='lat' dir='ltr'>Cicero</span> <span class='ocrx_word' id='word_1_239' title='bbox 1039 4268 1087 4338; x_wconf 94' lang='lat' dir='ltr'>ad</span> <span class='ocrx_word' id='word_1_240' title='bbox 1116 4267 1276 4353; x_wconf 86' lang='lat' dir='ltr'>Brutum,</span> <span class='ocrx_word' id='word_1_241' title='bbox 1304 4267 1460 4360; x_wconf 81' lang='lat' dir='ltr'>Populo,</span> 
     </span>
     <span class='ocr_line' id='line_1_31' title="bbox 158 4370 1511 4487; baseline 0.002 -26"><span class='ocrx_word' id='word_1_242' title='bbox 158 4392 284 4487; x_wconf 77' lang='lat' dir='ltr'>inquit,</span> <span class='ocrx_word' id='word_1_243' title='bbox 315 4393 553 4487; x_wconf 90' lang='lat' dir='ltr'>imposuimus</span> <span class='ocrx_word' id='word_1_244' title='bbox 575 4412 615 4466; x_wconf 88' lang='lat' dir='ltr'>et</span> <span class='ocrx_word' id='word_1_245' title='bbox 635 4410 806 4466; x_wconf 89' lang='lat' dir='ltr'>oratores</span> <span class='ocrx_word' id='word_1_246' title='bbox 826 4394 890 4465; x_wconf 91' lang='lat' dir='ltr'>visi</span> <span class='ocrx_word' id='word_1_247' title='bbox 911 4421 1046 4483; x_wconf 62' lang='lat' dir='ltr'>sumus</span> <span class='ocrx_word' id='word_1_248' title='bbox 1076 4419 1157 4467; x_wconf 90' lang='lat' dir='ltr'>curn</span> <span class='ocrx_word' id='word_1_249' title='bbox 1178 4393 1226 4464; x_wconf 91' lang='lat' dir='ltr'>de</span> <span class='ocrx_word' id='word_1_250' title='bbox 1247 4419 1289 4464; x_wconf 89' lang='lat' dir='ltr'>se</span> <span class='ocrx_word' id='word_1_251' title='bbox 1319 4408 1460 4465; x_wconf 89' lang='lat' dir='ltr'>tantum</span> <span class='ocrx_word' id='word_1_252' title='bbox 1508 4370 1511 4379; x_wconf 40' lang='lat'><strong><em>¹</em></strong></span> 
     </span>
     <span class='ocr_line' id='line_1_32' title="bbox 158 4515 1461 4615; baseline 0.001 -25"><span class='ocrx_word' id='word_1_253' title='bbox 158 4515 385 4614; x_wconf 90' lang='lat' dir='ltr'>loqueretur.</span> <span class='ocrx_word' id='word_1_254' title='bbox 442 4521 555 4614; x_wconf 84' lang='lat' dir='ltr'>Quod</span> <span class='ocrx_word' id='word_1_255' title='bbox 594 4547 712 4615; x_wconf 86' lang='lat' dir='ltr'>genus</span> <span class='ocrx_word' id='word_1_256' title='bbox 750 4548 822 4595; x_wconf 90' lang='lat' dir='ltr'>non</span> <span class='ocrx_word' id='word_1_257' title='bbox 859 4524 1051 4594; x_wconf 90' lang='lat' dir='ltr'>orationes</span> <span class='ocrx_word' id='word_1_258' title='bbox 1088 4524 1200 4594; x_wconf 90' lang='lat' dir='ltr'>modo</span> <span class='ocrx_word' id='word_1_259' title='bbox 1230 4537 1354 4609; x_wconf 81' lang='lat' dir='ltr'>ornat,</span> <span class='ocrx_word' id='word_1_260' title='bbox 1392 4521 1461 4591; x_wconf 91' lang='lat' dir='ltr'>sed</span> 
     </span>
    </p>
   </div>
   <div class='ocr_carea' id='block_1_9' title="bbox 0 0 1628 5302">
    <p class='ocr_par' dir='ltr' id='par_1_11' title="bbox 0 0 1628 5302">
     <span class='ocr_line' id='line_1_33' title="bbox 0 0 1628 5302; baseline 0 1"><span class='ocrx_word' id='word_1_261' title='bbox 0 0 1628 5302; x_wconf 95' lang='lat' dir='ltr'> </span> 
     </span>
    </p>
   </div>
  </div>
 </body>
</html>
