3202 5302
857 360 895 426 18

767 454 980 463 -.-————-

430 623 825 699 Personificatio
852 617 934 694 vel
960 620 1339 715 προσωποποιία.
1400 668 1403 673 ·

207 905 210 910 .
331 841 576 934 Quintilianus
604 837 925 936 prosopopoeiam
964 835 1058 907 inter
1093 833 1230 931 figuras
1266 838 1534 911 sententiarum
1589 890 1593 897 .

226 984 402 1043 numerat.
445 968 566 1064 Quem
581 967 894 1041 Volkmannus
923 988 1133 1060 quanquam
1148 980 1297 1036 secutus
1317 980 1384 1050 est,
1405 979 1533 1037 tamen
1591 998 1594 1003 ·

229 1098 371 1172 dubitat
398 1123 482 1171 num
504 1099 621 1194 figura
642 1096 849 1170 sententiae
878 1096 933 1168 sit.
965 1091 1235 1190 (Volkmann
1256 1091 1438 1187 Rhetorik
1463 1094 1533 1166 der

228 1226 425 1302 Griechen‘
443 1225 516 1298 und
548 1226 689 1299 Romer
724 1251 758 1321 p.
802 1227 903 1319 416.)
962 1223 1091 1319 Itaque
1133 1248 1241 1317 quum
1272 1220 1450 1295 simillima
1485 1221 1534 1294 sit

227 1355 453 1428 translationi
496 1380 681 1452 quumque
723 1353 880 1426 nonnulli
920 1368 1069 1424 veteres
1122 1351 1293 1424 rhetores
1334 1377 1416 1424 eam
1459 1375 1530 1448 pro

228 1500 341 1580 tropo
370 1484 574 1573 habuerint,
604 1482 715 1556 liceat
736 1481 842 1554 nobis
868 1481 1043 1553 hocloco
1071 1505 1154 1552 eam
1180 1482 1332 1553 addere.
1388 1479 1531 1552 Poetae

173 1636 179 1649 ·
230 1638 361 1685 omnes
391 1612 468 1684 fere
496 1611 790 1709 frequentissime
827 1610 1111 1706 prosopopoeia
1147 1610 1201 1680 usi
1229 1625 1312 1682 sunt
1340 1625 1378 1681 et
1404 1607 1530 1680 Tibul·

226 1739 282 1813 lus
310 1765 458 1836 quoque
487 1740 598 1813 multa
626 1736 795 1835 exempla
817 1739 934 1812 offert.
976 1738 1028 1810 lta
1057 1738 1205 1833 saepius
1233 1738 1316 1821 aeri,
1347 1737 1532 1810 sideribus

228 1869 300 1941 diei
328 1869 501 1964 noctique
531 1885 649 1941 motus
680 1868 786 1940 animi
813 1868 1024 1942 tribuuntur.
1069 1865 1149 1938 Aer
1164 1867 1335 1956 4‚1,168:
1366 1865 1532 1937 Alterius

226 1998 326 2069 vires
354 2015 463 2069 necat
492 2007 563 2070 aer.
618 1995 686 2069 Sol
717 2001 854 2089 2,5,6o:
899 1996 996 2068 Solis
1024 1995 1238 2068 anhelantes
1269 1991 1381 2065 abluit
1409 1994 1529 2066 amnis

227 2149 356 2220 equos.
390 2147 521 2218 2‚5,75.
551 2128 688 2215 4,1,62.
723 2132 781 2213 76.
818 2146 901 2215 123.
952 2123 1122 2195 Phoebus
1158 2145 1314 2214 3‚4,21:
1357 2123 1531 2195 Phoebus

228 2255 275 2326 ab
303 2253 404 2325 Oeta
432 2252 622 2348 prospicit.
679 2251 784 2323 Luna
828 2255 970 2340 1‚8‚21:
1010 2252 1151 2324 Cantus
1190 2251 1330 2324 Lunam
1364 2277 1385 2323 e
1423 2274 1531 2323 curru

226 2383 415 2454 deducere
444 2397 612 2475 temptat.
640 2382 773 2471 2,4,18.
791 2403 929 2473 3‚4,29.
959 2379 1104 2452 Lucifer
1130 2389 1274 2470 1,9‚62:
1320 2380 1415 2453 Dum
1441 2397 1529 2452 rota

229 2509 386 2582 Luciferi
425 2524 610 2605 provocet
648 2509 756 2583 diem.
813 2509 960 2581 Aurora
995 2532 1128 2602 1‚3‚94:
1166 2508 1314 2581 Aurora
1352 2509 1530 2580 nitentem

229 2638 440 2713 Luciferum
481 2639 601 2710 roseis
643 2639 801 2709 candida
844 2654 970 2732 portet
1012 2639 1127 2733 equis.
1200 2637 1312 2710 Sirius
1360 2656 1440 2728 1,7‚
1461 2659 1527 2706 21:

230 2766 393 2837 Arentes
436 2791 546 2861 quum
588 2766 690 2837 findit
730 2765 844 2837 Sirius
888 2789 1012 2858 agros.
1070 2765 1154 2837 Nox
1199 2789 1228 2850 1,
1241 2768 1358 2855 5‚16:
1403 2763 1530 2836 Nocte

229 2895 369 2967 silente.
401 2897 533 2985 2‚1,87.
567 2913 703 2986 3,4‚17.
746 2892 838 2965 Dies
873 2897 1018 2984 1,4,28:
1054 2893 1173 2985 Quam
1203 2894 1276 2966 cito
1304 2917 1375 2964 non
1400 2893 1529 2985 segnis

230 3039 305 3095 stat
333 3039 550 3118 remeatque
580 3022 670 3095 dies.
701 3028 840 3116 4‚5‚16.
870 3020 1029 3096 Natalis:
1076 3045 1216 3114 4,5,19.

341 3153 463 3240 1,7,28
485 3150 606 3224 Nilum
625 3152 824 3224 invenimus
844 3152 1050 3223 animatum.
1093 3151 1240 3222 Eodem
1259 3151 1417 3223 carmine
1440 3175 1527 3222 non-

229 3303 427 3372 numquam
462 3278 576 3350 fluviis
615 3280 780 3375 marique
817 3278 1067 3351 adtribuuntur
1104 3297 1222 3353 motus
1258 3279 1374 3352 animi.
1411 3300 1524 3373 1.7,4:

231 3407 354 3499 Quem
371 3422 551 3479 tremeret
566 3407 649 3478 forti
666 3406 775 3479 milite
792 3407 907 3479 victus
924 3407 1026 3480 Atur.
1056 3409 1108 3481 Ita
1123 3408 1334 3481 emendavit
1348 3404 1527 3503 Scaliger.

228 3534 268 3606 In
297 3533 393 3606 libris
414 3530 610 3631 legebatur
630 3535 738 3608 AtaX.
782 3533 885 3621 Amr,
907 3534 1018 3633 vulgo
1047 3537 1195 3622 Aturus
1224 3537 1352 3608 fluvius
1373 3536 1526 3631 Aquita·

230 3664 322 3745 niae,
342 3662 441 3734 Atax
460 3663 586 3736 fluvius
606 3664 860 3738 Narbonensis
879 3666 1091 3762 provinciae
1113 3683 1180 3738 est.
1221 3665 1349 3760 ltaque
1369 3666 1430 3738 vix
1448 3689 1526 3736 mo-

230 3790 343 3862 menti
363 3805 421 3862 est
440 3806 557 3863 utrum
576 3793 671 3863 Atur
693 3818 740 3865 an
758 3792 858 3866 Atax
886 3793 1030 3891 legatur
1054 3797 1137 3892 quia
1157 3796 1332 3867 Messalla
1352 3811 1391 3866 et
1411 3794 1525 3888 Aqui·

232 3917 365 3989 taniam
384 3917 469 3989 vicit
490 3934 528 3990 et
546 3919 757 4014 provinciae
774 3921 1028 3996 Narbonensis
1049 3950 1109 3996 res
1125 3922 1354 3995 constituisse
1372 3920 1525 4006 videtur,

232 4044 335 4141 quod
354 4060 534 4117 testantur
554 4045 650 4119 Arar
669 4048 948 4149 Rhodanusque
975 4077 1083 4123 versu
1110 4074 1146 4122 11
1173 4050 1354 4123 nominati.
1389 4070 1478 4140 1‚7‚1
1495 4073 1525 4123 1:

231 4171 359 4245 Testis
383 4171 482 4243 Arar
500 4173 777 4272 Rhodanusque
800 4182 898 4253 celer
920 4204 1151 4276 magnusque
1174 4179 1352 4250 Garonna
1374 4175 1525 4248 Carnuti

232 4317 271 4372 et
303 4298 386 4371 flavi
424 4298 572 4374 caerula
605 4299 756 4400 lympha
793 4307 916 4404 Liger.
954 4333 987 4399 3,
1002 4311 1094 4400 4‚85
1139 4329 1307 4402 aequora
1348 4301 1526 4398 genuisse

112 4494 115 4501 .
233 4427 408 4500 dicuntur.
447 4449 620 4521 4,1,147:
656 4431 830 4507 Oceanus
858 4452 977 4530 ponto
1007 4435 1173 4509 continet
1200 4433 1340 4505 orbem.

339 4554 509 4630 Transeo
539 4559 588 4631 ad
621 4561 960 4654 personificationes
998 4579 1130 4650 terrae,
1171 4561 1309 4633 urbium
1344 4555 1525 4631 similium·
