3202 5302
721 399 760 464 25

486 621 521 688 4.
579 597 993 681 Autonomasia.

194 810 465 882 Antonomasia
494 836 515 881 a
542 808 719 883 nonnullis
749 813 783 884 in
812 813 1072 907 synecdoches
1092 840 1243 886 numero
1261 815 1388 887 habita

86 954 157 1009 est.
205 936 377 1041 (Trypho
407 963 441 1031 p.
475 961 548 1028 204
576 937 710 1033 Walz).
756 939 998 1032 Quintilianus
1025 943 1118 1014 inter
1145 957 1276 1036 tropos
1305 968 1390 1014 eam

85 1091 280 1137 numerans
313 1067 398 1138 dicit
432 1067 531 1155 VIII,
571 1072 679 1158 6‚29:
721 1065 987 1141 Antonomasia
1024 1096 1120 1165 quae
1155 1067 1291 1165 aliquid
1318 1096 1389 1165 pro

85 1194 231 1265 nomine
269 1193 388 1288 ponit,
433 1195 555 1288 poetis
592 1212 750 1289 utroque
789 1196 904 1268 modo
932 1196 1228 1293 frequentissima
1258 1212 1297 1268 et
1323 1222 1391 1293 per

85 1322 280 1416 epitheton
301 1322 401 1417 quod
422 1322 591 1394 detracto
613 1348 669 1407 e0‚
697 1324 753 1394 cui
773 1326 976 1420 apponitur,
1003 1326 1106 1399 valet
1133 1350 1202 1420 pro
1230 1325 1388 1409 nomine,

84 1449 268 1542 Tydides
298 1448 457 1536 Pelides,
488 1466 526 1521 et
555 1475 601 1522 ex
629 1451 683 1522 his
711 1476 807 1546 quae
833 1452 866 1523 in
895 1477 1044 1548 quoque
1073 1469 1155 1525 sunt
1174 1453 1388 1549 praeprua:

84 1577 221 1648 Divum
255 1593 364 1671 pater
393 1593 504 1673 atque
538 1579 720 1649 hominum
754 1604 837 1667 rex,
869 1595 907 1650 et
936 1605 982 1651 ex
1012 1581 1116 1652 factis
1147 1581 1277 1676 quibus
1307 1606 1389 1674 per-

85 1729 180 1775 sona
208 1705 388 1796 signatur:
419 1704 601 1777 Thalamo
631 1731 727 1800 quae
756 1705 827 1777 fixa
855 1708 999 1802 reliquit
1026 1708 1165 1802 impius.

195 1854 276 1924 Hoc
312 1854 427 1925 modo
466 1853 603 1948 Apollo
643 1880 664 1924 a
701 1853 846 1925 Tibullo
882 1854 1011 1928 Delius
1048 1873 1205 1928 vocatur
1241 1875 1386 1946 3,4,79:

84 1981 170 2051 Hoc
200 1981 262 2051 tibi
291 1981 496 2076 coniugium
525 1981 706 2077 promittit
734 1981 863 2054 Delius
893 1984 986 2077 ipse.
1019 1986 1129 2076 3‚6,8.
1160 1984 1264 2055 Deus
1294 1984 1388 2076 Cyn·

82 2109 178 2180 thius
212 2106 380 2203 (Apollo)
407 2131 544 2200 3‚4‚5o.
574 2107 685 2180 Delia
708 2108 900 2204 (Artemis)
921 2133 1034 2203 4,3,5.
1065 2111 1235 2183 Saturnia
1265 2108 1389 2210 (Iuno)

85 2258 231 2328 3‚⁴3,33.
268 2235 405 2331 Cypria
444 2235 604 2337 (Venus)
640 2260 789 2329 3,3‚34.
829 2237 1019 2331 Cytherea
1060 2237 1220 2338 (Venus)
1257 2260 1387 2330 4‚7,3.

84 2365 258 2435 Lenaeus
292 2379 400 2458 pater
439 2363 640 2464 (Bacchus)
673 2369 810 2457 3‚6,38.
859 2364 1026 2437 Cadmea
1065 2381 1182 2438 mater
1216 2363 1387 2464 (Agaue)

83 2501 226 2583 3‚6,24.
258 2491 423 2563 Pierides
453 2489 616 2590 (Musae)
649 2516 784 2585 3,4‚44.
814 2517 949 2578 4,2‚21.
988 2492 1142 2566 Alcides
1174 2491 1386 2588 (Hercules)

82 2643 225 2710 4,1,12.
270 2618 416 2690 Aniena
448 2618 584 2691 Tiburs
622 2619 798 2714 (Albuna)
839 2626 972 2711 2‚5,69.
1017 2621 1223 2716 Neptunius
1264 2620 1387 2691 incola

80 2745 283 2847 (Cyclops)
310 2727 442 2837 4¹56·
473 2745 654 2819 Meleteus
675 2746 894 2847 (Homerus)
927 2771 1097 2838 4‚1‚2oo.
1128 2747 1270 2819 Gnosia
1293 2747 1386 2841 (Ari-

80 2872 198 2967 adne)
233 2879 367 2965 3,6,39.

194 3022 298 3094 Deus
334 3022 499 3118 agricola
537 3021 739 3123 (Silvanus)
782 3046 937 3114 1‚1‚r4:
980 3024 1150 3095 Libatum
1184 3024 1386 3117 agricolam

77 3151 231 3247 ponitur
258 3166 342 3221 ante
360 3151 479 3221 deum.
502 3175 532 3238 1,
539 3171 635 3242 5‚27.
666 3149 864 3246 Agricolae
885 3150 1037 3222 caelites
1061 3155 1200 3242 2‚1,36.
1229 3149 1385 3242 Stygiae

77 3276 207 3350 navita
235 3278 349 3371 turpis
379 3303 501 3371 aquae
531 3275 713 3376 (Charon)
752 3284 906 3371 1,1o,36.
951 3279 1091 3371 Lydius
1111 3278 1244 3350 aurifer
1271 3277 1387 3348 amnis

77 3403 324 3506 (Maeander)
355 3427 493 3496 3‚3‚29.
528 3405 636 3477 Mens
657 3406 768 3499 impia
798 3407 976 3500 (Neaera)
1003 3428 1136 3498 3‚4‚59.
1167 3403 1268 3498 Pylia
1288 3405 1387 3476 fama

81 3531 256 3628 (Nestor)
284 3555 453 3622 4‚1‚112.
497 3532 644 3604 Tristes
674 3558 828 3604 sorores
858 3532 1027 3633 (Parcae)
1059 3553 1196 3624 3,3‚35.
1235 3532 1385 3603 Doctae

76 3682 236 3731 sorores
266 3659 425 3754 (Musae)
460 3681 596 3751 3445-

504 3977 536 4048 5.
592 3957 972 4052 Antiphrasis

195 4167 434 4263 Antiphrasin
463 4169 703 4262 Quintilianus
734 4170 822 4254 vlll,
855 4179 941 4261 6‚57
981 4169 1143 4264 speciem
1183 4166 1386 4262 allegoriae

78 4298 185 4372 dicit.
229 4294 301 4367 Alii
329 4298 501 4368 rhetores
529 4298 625 4369 hanc
655 4323 724 4391 pro
753 4315 864 4392 tropo
891 4297 1108 4368 habuerunt.
1150 4292 1387 4387 Perspicuum

10 4444 12 4453 '
76 4427 196 4524 igitur
216 4440 274 4495 est
292 4441 468 4520 quantum
488 4426 582 4497 inter
602 4451 645 4498 se
671 4426 841 4497 differant
860 4423 989 4521 singuli
1010 4426 1177 4495 rhetores
1206 4421 1242 4491 in
1269 4419 1388 4513 tropis

78 4551 313 4628 definiendis.
371 4551 407 4623 A
436 4552 564 4624 Servio
594 4553 643 4623 ad
672 4552 828 4627 Aeneid.
865 4573 948 4645 1‚77
978 4552 1035 4622 hic
1064 4544 1192 4644 tropus
1221 4545 1389 4619 litotes
