3248 5302
255 565 369 660 Quod
398 566 545 661 quando
574 564 708 635 factum
737 562 784 635 sit
810 563 1014 636 accuratius
1041 563 1148 635 statui
1178 588 1291 658 quum
1319 587 1392 634 non
1412 561 1548 657 possit,

252 691 444 767 verisimile
473 709 533 766 est
562 691 761 787 Hauptium
789 695 874 786 (act.
904 715 981 765 soe.
1009 692 1070 765 litt.
1099 691 1235 764 Saxon.
1267 692 1288 775 Ι,
1322 694 1410 786 256)
1443 708 1548 763 recte

255 819 389 895 Tibulli
423 821 581 895 carmina
614 820 685 892 iam
721 818 874 892 saeculo
903 820 990 892 XIV
1018 818 1118 892 lecta
1156 844 1247 917 'esse
1284 843 1357 890 non
1393 844 1548 914 negare.

254 950 390 1046 Neque
413 951 451 1022 id
464 949 678 1022 incredibile
695 964 765 1036 est,
782 949 1001 1043 praesertim
1027 973 1135 1044 quum
1160 947 1317 1019 sciamus
1334 944 1553 1019 Guilelmum

254 1079 532 1175 Pastrengicum
570 1074 869 1179 (1290-1365)
906 1075 941 1149 in
978 1073 1069 1148 libro
1091 1075 1155 1157 ‚de
1195 1075 1395 1170 originibus
1433 1100 1554 1147 rerum

252 1232 382 1279 versus
410 1206 591 1302 quosdam
619 1201 751 1277 Tibulli
781 1201 945 1277 attulisse
976 1205 1015 1299 (l,
1050 1221 1080 1295 7,
1113 1202 1285 1305 29--36)
1315 1227 1460 1298 eosque
1499 1229 1548 1274 ex

255 1331 386 1405 codice
421 1331 582 1427 quodam
615 1330 746 1404 Tibulli
791 1349 931 1404 sumtus
969 1358 1055 1404 esse
1093 1357 1213 1427 aeque
1258 1328 1454 1403 verisimile
1492 1348 1553 1402 est

254 1475 380 1556 atque,
415 1476 455 1533 ut
490 1474 595 1555 putat
623 1460 899 1546 Muellerus,
940 1485 987 1532 ex
1028 1456 1174 1532 scholiis
1213 1456 1405 1531 luvenalis.
1457 1457 1553 1530 lllud

256 1589 502 1685 apographon
528 1589 625 1660 unde
653 1587 810 1684 profecti
846 1614 969 1660 sumus
1007 1588 1155 1660 omnino
1192 1610 1265 1658 non
1303 1602 1387 1659 ante
1420 1612 1553 1658 annum

260 1739 359 1806 1400
385 1733 526 1789 erutum
555 1742 641 1789 esse
682 1731 830 1789 veteres
872 1716 1037 1789 editores
1073 1741 1183 1812 quum
1222 1729 1434 1798 statuerent,
1471 1712 1554 1787 illos

253 1870 382 1917 versus
429 1845 501 1916 alio
542 1869 589 1918 ex
634 1844 727 1917 libro
773 1860 912 1917 sumtos
954 1870 1041 1916 esse
1084 1843 1208 1916 coacti
1250 1857 1333 1915 sunt
1367 1841 1552 1915 conicere.

17 2026 20 2033 -
128 2061 132 2067 ι
255 1970 510 2045 Muellerus
548 1990 745 2068 praeterea
772 1999 818 2044 ex
844 1973 913 2044 hoc
943 1970 1143 2068 exemplari
1172 1971 1269 2047 aliud
1310 1969 1461 2042 saeculo
1503 1969 1556 2040 Xl

255 2101 451 2174 deductum
479 2127 565 2174 esse
595 2102 773 2197 opinatur,
808 2126 854 2172 ex
889 2110 962 2195 qu'o
1000 2115 1088 2172 nata
1121 2116 1206 2172 sunt
1242 2117 1421 2194 excerpta
1457 2123 1554 2193 quae

256 2230 423 2302 dicuntur
462 2229 723 2325 Frisingensia‚
766 2254 862 2324 quae
898 2244 1045 2331 exstant
1086 2228 1119 2300 in
1162 2227 1292 2299 codice
1334 2225 1556 2297 Monacensi

258 2364 373 2448 6292.
430 2358 538 2430 Haec
568 2375 746 2454 excerpta
772 2373 848 2428 tam
874 2382 989 2452 parva
1019 2381 1103 2429 esse
1132 2352 1241 2427 valde
1272 2341 1473 2426 dolendum
1498 2370 1558 2424 est

257 2486 341 2582 quia
370 2511 393 2557 a
421 2485 548 2582 quavis
576 2485 862 2582 interpolatione
890 2484 1060 2557 immunia
1089 2498 1181 2557 sunt.
1307 2579 1311 2588 x

363 2609 535 2707 Denique
565 2637 613 2684 ex
640 2612 716 2684 hoc
745 2611 857 2685 multa
893 2613 963 2685 alia
992 2612 1212 2708 apographa
1241 2610 1419 2682 fluxerunt
1457 2634 1555 2704 quae

258 2738 305 2810 ab
333 2738 430 2811 ltalis
460 2755 633 2836 corrupta
661 2757 755 2815 sunt.

372 2865 411 2969 3)
439 2867 604 2940 Tertium
634 2868 876 2965 apographon
905 2883 1009 2942 caret
1045 2869 1138 2941 libro
1174 2881 1305 2963 quarto
1344 2865 1556 2962 elegiarum,

261 2997 379 3069 altero
407 3011 446 3068 et
471 2996 581 3069 tertio
609 2997 644 3070 in
671 3024 779 3070 unum
808 2997 1015 3071 contractis.
1071 2996 1186 3090 Quod
1215 3009 1396 3068 testantur
1432 2990 1555 3065 titulus

262 3125 410 3220 quidam
439 3125 473 3196 in
502 3128 676 3224 catalogo
707 3153 729 3198 a
758 3126 921 3222 Hauptio
950 3126 1050 3199 edito
1087 3123 1264 3225 (Hermes
1300 3123 1351 3208 ΙΙΙ,
1392 3119 1483 3223 221)
1519 3138 1558 3193 et

261 3268 437 3348 excerpta
452 3253 631 3326 Vincentii
642 3252 929 3327 Bellovacensis.
960 3254 1090 3349 Nuper
1104 3269 1229 3325 tamen
1246 3251 1293 3326 Ο.
1314 3249 1474 3322 Richte
1485 3275 1557 3321 rus

261 3379 527 3451 demonstravit
564 3379 794 3455 Vincentium
838 3408 911 3456 non
951 3383 1093 3471 codice,
1135 3383 1206 3454 sed
1248 3378 1326 3452 aliis
1370 3377 1557 3473 excerptis

262 3532 364 3580 usum
391 3532 477 3580 esse
504 3533 601 3603 quae
629 3511 860 3583 etiamnunc
888 3527 1034 3584 servata
1063 3525 1146 3582 sunt
1173 3532 1347 3604 quaeque
1375 3521 1555 3600 excerpta

261 3634 425 3707 Parisina
442 3651 629 3709 vocantur.
658 3636 763 3712 Talia
782 3638 916 3734 primus
936 3638 1006 3711 Ed.
1027 3633 1185 3710 Woels
1190 3637 1208 3708 f
1211 3634 1332 3708 linus
1359 3634 1394 3705 in
1423 3632 1556 3708 codice

261 3762 425 3835 Parisino
471 3784 594 3857 17903
639 3763 965 3867 (Nostradamensi
1010 3763 1099 3868 188)
1132 3764 1275 3838 invenit.
1335 3760 1556 3859 (Philologus

261 3889 439 3986 XXVllp
460 3897 692 3991 152—157).
722 3892 890 3967 Alterum
915 3894 1095 3982 codicem,
1121 3892 1319 3966 Parisinum
1338 3895 1436 3983 7647
1455 3912 1559 3961 saec.

260 4017 463 4091 Xll—-Xlll
484 4020 648 4095 adhibuit
671 4022 906 4097 Gustavus
921 4021 1150 4118 Meyncke
1175 4020 1282 4116 (Mus.
1308 4015 1428 4090 Rhen.
1445 4015 1555 4087 XXV

264 4144 498 4248 369—392).
553 4148 616 4222 Ad
644 4167 771 4225 cetera
799 4166 976 4246 excerpta
1004 4149 1236 4223 diiudicanda
1262 4146 1398 4221 sufficit
1437 4145 1559 4216 codex

261 4273 320 4349 ille
348 4275 683 4366 Nostradamensis,
703 4280 790 4376 quia
808 4276 1059 4375 anthologiam
1078 4275 1146 4352 illis
1161 4276 1362 4374 pleniorem
1386 4273 1558 4346 continet.

368 4404 426 4476 Ex
450 4403 506 4478 his
535 4408 765 4504 apographis
793 4405 946 4482 saeculo
975 4406 1048 4480 XV
1076 4408 1208 4503 ingens
1227 4401 1416 4479 multitudo
1436 4428 1558 4475 exem—

261 4530 409 4628 plarium
439 4533 535 4606 lacta
564 4552 632 4608 est.
690 4536 856 4628 Quorum
885 4563 933 4610 ex
961 4562 1110 4611 numero
1154 4535 1411 4607 Lachmannus
1448 4531 1561 4627 elegit
