3202 5302
894 428 916 489 6

798 517 1010 528 -—---—--

255 659 385 719 aetate
413 641 569 718 Caroli
598 642 753 741 Magni
772 644 944 739 scriptum
964 642 1120 715 videtur.
1178 641 1381 737 Quomodo
1411 669 1457 715 ex
1481 644 1556 718 hoc

255 773 499 872 fragmentum
539 771 775 845 Cuiacianum
818 787 856 844 et
888 785 1064 866 excerpta
1098 770 1349 866 Frisingensia
1387 771 1557 845 fluxerint

253 917 292 974 et
331 897 589 997 qualicumque
646 900 869 996 cognatione
911 901 1004 972 inter
1045 925 1087 972 se
1125 901 1388 985 contineantur,
1441 902 1555 974 statui

255 1028 401 1101 omnino
429 1054 501 1102 non
528 1044 669 1124 potest.
726 1027 833 1101 Ultra
873 1029 945 1100 hoc
983 1027 1225 1125 archetypum
1254 1025 1389 1100 Tibulli
1425 1030 1554 1102 carmi-

256 1181 339 1231 num
367 1156 523 1229 historia
553 1156 755 1229 continuari
783 1181 856 1228 non
882 1172 1019 1252 potest.

359 1283 487 1381 Itaque
517 1311 628 1381 quum
657 1284 820 1358 codicum
850 1283 985 1357 Tibulli
1015 1284 1247 1357 conditiones
1283 1284 1317 1356 in
1344 1285 1554 1358 universum

253 1437 329 1485 non
356 1413 426 1485 sint
452 1414 587 1501 bonae,
617 1413 768 1508 saepius
795 1412 965 1485 liberiore
987 1411 1110 1484 critice
1136 1437 1230 1508 opus
1252 1429 1318 1486 est.
1376 1412 1555 1488 Attamen

233 1575 236 1582 ·
254 1542 459 1613 cavendum
475 1556 534 1613 est
552 1566 599 1612 ne
619 1540 767 1613 modum
786 1556 1030 1613 transeamus.
1065 1540 1156 1613 Sunt
1172 1541 1267 1612 enim
1289 1541 1348 1636 qui
1375 1539 1557 1635 Scaligeri

256 1666 464 1765 exemplum
493 1668 653 1741 secutiin
681 1668 752 1741 hoc
772 1669 954 1766 scriptore
983 1668 1186 1741 omniasibi
1211 1671 1394 1764 permissa
1409 1685 1552 1765 putent.

256 1796 378 1889 Quem
407 1797 509 1870 nimis
537 1797 785 1895 indulgentem
814 1797 1101 1894 transponendis
1121 1799 1287 1871 versibus
1316 1824 1443 1872 omnes
1473 1798 1553 1871 lere

255 1925 387 1998 Batavi
415 1941 455 1998 ut
482 1924 730 1998 Broukhusius
760 1902 892 2022 aliique
922 1927 1036 1999 secuti
1064 1943 1154 2011 sunt,
1183 1926 1269 1999 dum
1288 1944 1455 2000 veterem
1474 1954 1555 2000 ver-

255 2080 359 2128 suum
392 2054 560 2126 ordinem
599 2053 757 2126 restituit
791 2052 943 2150 Vulpius
976 2053 1094 2130 Italus,
1159 2054 1307 2128 Deinde
1345 2056 1553 2150 Heynius

257 2182 452 2255 Vossius
492 2179 789 2264 Wunderlichius
824 2182 873 2254 de
905 2180 1049 2255 Tibullo
1085 2184 1182 2255 bene
1216 2183 1333 2255 meriti
1368 2200 1458 2257 sunt.
1522 2185 1554 2255 E

258 2311 389 2408 quibus
431 2310 640 2384 Vossius
681 2311 816 2406 primus
860 2310 1122 2411 demonstravit
1163 2311 1308 2383 tertium
1351 2311 1554 2407 elegiarum

255 2437 385 2511 librum
416 2438 463 2509 ab
491 2435 564 2511 alio
595 2439 841 2534 compositum
871 2465 969 2512 esse.
1017 2438 1126 2532 Quae
1153 2440 1314 2512 carmina
1343 2466 1436 2512 nunc
1457 2441 1554 2536 Lyg-

258 2568 369 2643 damo
398 2566 561 2652 cuidam,
596 2566 644 2640 de
683 2594 756 2663 quo
792 2566 876 2640 nihil
913 2569 1115 2642 accuratius
1151 2568 1302 2658 scimuS,
1340 2570 1554 2643 tribuuntur.

258 2695 430 2768 Carmina
463 2720 613 2791 quoque
648 2696 726 2769 libri
759 2697 877 2791 quarti
912 2696 1083 2793 primum,
1121 2697 1315 2792 septimum
1355 2723 1471 2793 usque
1506 2698 1554 2769 ad

258 2822 520 2896 duodecimum
548 2823 693 2897 Tibullo
721 2825 931 2899 abiudicata
959 2840 1071 2921 atque
1101 2841 1263 2920 excepto
1291 2825 1408 2919 primo
1437 2823 1555 2920 Sulpi·

259 2952 338 3024 ciae
350 2952 533 3024 adtributa
544 2970 637 3027 sunt.
692 2954 821 3050 ltaque
856 2954 966 3028 etiam
1000 2952 1295 3050 investigandum
1325 2969 1383 3025 est
1410 2979 1492 3024 num
1522 2955 1556 3025 in

259 3077 389 3178 elegiis
418 3078 550 3152 Tibulli
585 3082 767 3180 Lygdami
796 3082 1057 3179 Sulpiciaeque
1096 3082 1262 3154 diversus
1297 3082 1342 3153 sit
1369 3107 1455 3153 usus
1484 3098 1555 3155 tro·

259 3233 392 3304 porum
422 3223 461 3280 et
488 3206 696 3304 figurarum.

367 3337 477 3409 Haud
491 3337 542 3410 ita
561 3334 672 3410 multo
692 3353 781 3433 post
795 3338 1050 3412 Lachmannus
1073 3341 1170 3428 1829
1186 3338 1339 3434 primam
1356 3337 1555 3411 editionem

260 3464 383 3539 critico
413 3482 596 3561 apparatu
635 3466 801 3539 instruxit
826 3467 862 3539 in
890 3467 931 3539 iis
965 3467 1136 3540 subsidiis
1172 3467 1274 3538 nixus
1309 3492 1404 3562 quae
1443 3492 1557 3562 supra

260 3595 635 3667 commemoravimus.
690 3593 938 3668 Recentiores
966 3593 1182 3692 plerumque
1211 3610 1250 3666 ut
1281 3593 1463 3666 Dissenus
1507 3597 1554 3668 ab

259 3721 329 3795 hac
357 3722 519 3796 editione
540 3723 764 3818 pendebant,
783 3725 904 3796 donec
926 3723 1231 3798 Baehrensius
1260 3748 1358 3796 nova
1377 3722 1550 3813 subsidia

261 3848 591 3945 Guelferbytanum
628 3852 711 3925 dico
752 3852 934 3938 codicem,
981 3853 1117 3926 invenit
1163 3853 1280 3947 iisque
1318 3853 1351 3924 in
1392 3850 1552 3924 editione

262 3975 394 4050 Tibulli
422 4006 508 4052 usus
537 3996 606 4055 est.

368 4106 446 4180 Sed
473 4108 566 4181 haec
594 4108 787 4182 hactenus.
836 4108 900 4180 Ad
928 4136 1005 4182 rem
1025 4109 1255 4204 propositam
1275 4109 1455 4182 transiens
1484 4108 1539 4203 pri

262 4234 317 4308 ori
344 4234 379 4307 in
407 4251 513 4332 parte
542 4236 590 4310 de
619 4237 747 4333 tropis,
774 4237 810 4308 in
837 4238 1047 4333 posteriore
1077 4237 1125 4310 de
1154 4238 1279 4333 figuris
1308 4263 1428 4335 agam.

742 4557 1060 4568 --——-—--—.-
