3202 5302
784 357 824 415 28

153 558 404 655 Antiphonte
442 563 655 653 Andocide‚
698 566 812 662 Lysia
846 565 1077 641 adhibentur
1135 569 1290 664 Longin
1326 568 1429 662 lr.3

146 678 220 756 'Ort
248 686 362 778 τροπὴ
390 690 427 758 ἐκ
456 696 522 759 τοῦ
549 694 757 788 πανούργου
776 701 833 766 καὶ
857 693 1042 784 ἐξάλλαξις
1061 694 1254 788 οὐιλεμλα’
1235 725 1283 789 ην
1309 700 1348 768 ἐν
1375 714 1455 783 τοῖς

152 808 318 906 ἄρχαίοις,
344 812 434 884 ἄλλα
461 821 518 886 καὶ
545 846 610 890 τοι
635 829 702 893 νοῦ
730 821 890 915 σχήματα
917 820 985 916 ὀψέ
1009 850 1097 894 ποτε
1125 827 1175 908 εἰς
1157 824 1288 908 crode
1315 827 1454 896 δικανι-

152 940 238 1024 κοὺς
271 941 399 1034 λόγους
434 951 684 1038 παρεισῆλθεν·
724 945 746 1041 ἡ
777 956 911 1021 πλείων
945 949 1011 1044 γὰρ
1046 948 1169 1034 αὐτοῖς
1204 953 1343 1044 σπουδὴ
1369 959 1454 1047 περὶ

152 1068 220 1160 τὴν
256 1071 353 1157 λέξιν
389 1077 446 1142 καλ
483 1072 547 1144 τὸν
581 1075 715 1169 ταύτης
749 1076 883 1169 κόσμον
915 1070 959 1170 ἦν
992 1083 1049 1149 καὶ
1085 1078 1152 1171 τὴν
1178 1078 1365 1172 σηνλλήκην
1392 1087 1454 1151 καὶ

151 1196 219 1288 τὴν
245 1192 432 1291 ἁρμονίαν.

258 1345 385 1442 ltaque
415 1349 514 1444 prius
545 1351 710 1425 dicemus

470 1626 531 1698 de
576 1629 779 1723 figuris
822 1629 1124 1704 verborum.

258 1837 498 1931 Quintilianus
533 1842 601 1914 has
643 1843 779 1938 figuras
811 1845 844 1915 in
881 1845 954 1915 duo
982 1869 1124 1938 genera
1154 1845 1291 1931 dividit,
1328 1872 1451 1941 genus

150 1969 504 2058 grammaticum
538 1986 576 2042 et
601 1997 720 2065 genus
754 1972 1057 2044 rhetoricum.
1116 1973 1217 2046 Prius
1247 1973 1285 2045 fit
1313 1974 1447 2047 iisdem

149 2094 350 2187 generibus
371 2098 500 2191 quibus
520 2097 614 2169 vitia.
657 2098 770 2170 Esset
790 2100 883 2170 enim
899 2099 1075 2170 orationis
1092 2101 1245 2172 schema
1265 2100 1396 2182 vitium,
1419 2102 1450 2174 si

150 2245 222 2292 non
238 2236 431 2317 peteretur
446 2224 513 2295 sed
534 2226 733 2297 accideret.
762 2224 899 2296 Verum
921 2227 1138 2298 auctoritate
1158 2243 1344 2299 vetustate
1360 2253 1448 2300 con-

150 2350 342 2421 suetudine
363 2353 578 2447 plerumque
600 2352 817 2437 defenditur,
838 2379 954 2449 saepe
975 2353 1086 2428 etiam
1107 2355 1248 2427 ratione
1271 2355 1445 2451 quadam.

148 2477 313 2572 Ideoque
342 2504 421 2549 eum
451 2480 498 2550 sit
517 2505 539 2550 a
557 2479 710 2576 simplici
730 2499 911 2578 rectoque
931 2480 1106 2576 loquendi
1122 2507 1262 2578 genere
1283 2483 1448 2568 deflexa,

147 2606 217 2677 vir
205 2621 260 2676 us
288 2623 358 2693 est
389 2633 419 2676 si
410 2607 552 2679 habet
571 2611 765 2702 probabile
791 2609 927 2706 aliquid
957 2609 1057 2704 quod
1086 2625 1220 2705 sequa
1222 2636 1270 2680 ur
1303 2610 1443 2704 (Quint.

150 2733 211 2820 IX,
243 2760 274 2825 3,
282 2737 330 2827 2.)
388 2734 562 2806 Attamen
590 2761 635 2806 ne
662 2735 895 2822 cumulentur
926 2738 1292 2811 cavendummouet
1331 2737 1447 2810 Con-

150 2879 207 2933 tra
244 2888 362 2956 genus
397 2862 618 2934 rhetoricum
654 2864 894 2956 Quintilianus
928 2865 1047 2936 acrius
1082 2890 1168 2936 esse
1209 2863 1304 2951 dicit
1342 2867 1446 2960 quod

150 3015 220 3061 non
250 3006 385 3063 tantum
424 2993 457 3063 in
493 2993 634 3064 ratione
671 2992 830 3087 positum
866 2993 920 3074 sit,
953 2994 1021 3064 sed
1049 2993 1137 3087 ipsis
1166 2993 1336 3063 sensibus
1365 3018 1449 3064 cum

150 3119 305 3211 gratiam
334 3135 407 3190 tum
438 3120 548 3192 etiam
576 3121 676 3192 vires
706 3121 939 3191 accomodet.
971 3119 1046 3211 (IX,
1081 3123 1198 3213 3‚28).

257 3245 536 3341 Distinguuntur
556 3246 751 3342 figurarum
768 3247 1087 3339 grammaticarum
1103 3264 1277 3341 quattuor
1292 3272 1446 3340 genera,

150 3374 303 3468 primum
327 3399 423 3468 quae
452 3398 520 3468 per
540 3374 785 3459 mutationem,
815 3374 950 3447 deinde
981 3401 1076 3470 quae
1098 3400 1165 3467 per
1192 3374 1448 3458 adiectionem,

149 3518 222 3573 tum
251 3527 346 3596 quae
368 3526 434 3596 per
455 3501 731 3582 detractionem,
761 3499 920 3594 denique
940 3525 1036 3594 quae
1062 3525 1130 3595 per
1157 3500 1324 3571 ordinem
1350 3501 1448 3572 fiunt.

150 3629 306 3725 Figuras
338 3629 542 3700 rhetoricas
586 3627 715 3701 dividit
749 3628 902 3721 primum
935 3626 967 3696 in
1003 3652 1068 3698 eas
1101 3652 1199 3722 quae
1235 3627 1448 3699 adiectione

149 3756 247 3844 fiunt,
279 3756 412 3828 deinde
433 3782 530 3852 quae
551 3755 781 3828 detractione
801 3752 896 3838 fiunt,
926 3754 1086 3851 denique
1117 3780 1213 3849 quae
1244 3770 1306 3825 aut
1331 3752 1450 3826 simili-

149 3885 273 3956 tudine
306 3882 426 3979 aliqua
464 3908 594 3955 vocum
630 3898 691 3954 aut
724 3882 873 3976 paribus
908 3899 971 3954 aut
1006 3882 1196 3954 contrariis
1233 3898 1450 3955 convertunt

149 4013 183 4084 in
212 4039 253 4083 se
283 4037 390 4083 aures
420 4029 459 4082 et
488 4012 660 4084 excitant.
726 4011 833 4082 Hunc
862 4008 1070 4104 Quintiliani
1098 4009 1265 4080 ordinem
1295 4010 1449 4081 mutabi-

150 4168 229 4212 mus
258 4140 431 4234 priusque
461 4165 613 4235 agemus
644 4140 691 4211 de
720 4139 846 4233 figuris
868 4136 1057 4208 rhetoricis
1078 4163 1174 4232 quae
1196 4137 1300 4210 nobis
1328 4161 1448 4230 gram-

150 4268 288 4340 maticis
316 4265 508 4363 graviores
547 4268 724 4338 videntur.
778 4264 906 4359 Atque
943 4263 1096 4358 primum
1131 4290 1284 4360 agemus
1323 4263 1370 4335 de
1404 4264 1448 4335 iis
1506 4254 1514 4323 -’

152 4420 247 4489 quae
276 4394 485 4466 adiectione
506 4393 602 4477 fiunt,
632 4392 767 4463 deinde
790 4416 885 4486 quae
906 4390 1146 4479 detractione,
1170 4390 1328 4485 denique
1350 4415 1448 4484 quae
1502 4396 1510 4403 '
