3202 5302
165 557 276 631 minet
303 574 340 630 et
369 559 480 651 tacito
512 557 603 631 clam
637 559 738 630 venit
773 556 832 630 illa
859 560 968 654 pede.
1004 565 1142 647 1‚6‚(>o:
1175 559 1373 656 Coniungit
1403 583 1464 631 no-

163 701 260 758 stras
275 684 369 758 clam
385 687 561 758 taciturna
577 711 713 774 manus.
735 696 873 777 2‚6,45:
894 688 998 759 Lena
1014 704 1121 758 necat
1137 688 1307 760 miserum
1322 687 1468 780 Phryne

166 812 360 907 furtimque
389 811 544 885 tabellas
574 816 719 885 occulto
749 830 902 909 portans
923 814 1024 909 itque
1045 816 1216 910 reditque
1237 815 1327 887 sinu.
1358 814 1469 885 Prae·

163 954 271 1012 terea
306 940 565 1012 abundantiam
600 940 762 1013 invenies
811 943 923 1032 1‚4‚8:
962 941 1058 1013 Tum
1102 942 1232 1014 Bacchi
1275 941 1469 1036 respondit

162 1067 302 1139 rustica
339 1066 475 1163 proles,
510 1083 672 1140 armatus
706 1094 814 1140 curva
851 1069 904 1141 sic
938 1069 1021 1141 mihi
1057 1069 1149 1141 falce
1183 1069 1287 1142 deus,
1325 1092 1465 1160 1.4,13:

166 1194 248 1279 Hie,
276 1195 361 1291 quia
390 1195 492 1268 fortis
522 1195 630 1268 adest
664 1195 831 1281 audacia,
863 1197 970 1292 cepit.
1007 1199 1116 1286 t‚8,4:
1146 1196 1327 1268 Praecinit
1354 1220 1465 1268 even-

159 1322 321 1395 tusnec
357 1322 440 1394 mihi
480 1339 610 1395 cantus
644 1324 732 1396 avis.
780 1326 921 1414 1‚8,42:
958 1325 1049 1396 Cum
1085 1339 1191 1396 vetus
1225 1323 1347 1396 insecit
1373 1348 1468 1395 cana

156 1466 322 1522 senecta
341 1445 461 1545 caput.
497 1456 640 1540 1,9‚64:
668 1448 744 1522 Aut
773 1477 926 1546 operum
947 1451 1070 1522 varias
1091 1451 1318 1547 disposuisse
1347 1451 1464 1524 vices.

163 1580 306 1665 2‚†1,80:
336 1575 442 1649 Felix
472 1578 528 1649 cui
568 1578 734 1674 placidus
771 1576 901 1649 leniter
929 1577 1028 1649 asflat
1056 1578 1182 1651 Amor.
1217 1579 1354 1670 2‚5‚84:
1384 1579 1465 1651 Dis-

163 1704 294 1777 tendet
322 1705 436 1800 spicis
464 1707 598 1778 horrea
627 1703 737 1801 plena
766 1706 895 1778 Ceres.

268 1833 377 1904 Haec
406 1831 575 1928 exempla
603 1851 706 1905 certe
736 1833 826 1905 satis
847 1850 931 1906 sunt
957 1849 996 1905 ut
1016 1833 1167 1906 evidens
1188 1834 1250 1905 fiat
1271 1835 1463 1930 quomodo

162 1959 327 2031 Tibullus
358 1963 613 2057 pleonasmum
642 1960 860 2033 adhibuerit.

562 2287 592 2368 β.
621 2275 781 2378 Figurae
810 2283 850 2352 ἓν
877 2281 934 2352 διὰ
963 2285 1065 2354 dvolv

155 2486 327 2585 exempla
343 2486 508 2561 Tibullus
528 2489 586 2560 vix
606 2489 775 2583 praebet.
798 2487 920 2562 Valde
941 2489 1034 2562 enim
1051 2490 1178 2562 dubito
1197 2515 1280 2561 num
1302 2494 1455 2581 4,1‚r56

156 2632 193 2688 et
221 2635 320 2707 4‚3‚7
365 2616 460 2687 haec
503 2616 621 2710 figura
664 2615 773 2687 statui
816 2616 942 2711 possit.
980 2617 1105 2689 Verba
1147 2616 1242 2688 haec
1283 2618 1456 2710 leguntur

154 2753 329 2836 4,1‚156:
360 2745 438 2816 Sed
458 2744 590 2815 durata
609 2741 707 2839 riget
726 2742 881 2814 densam
911 2743 944 2814 in
973 2740 1206 2840 glaciemque
1236 2744 1451 2839 nivemque;

152 2873 212 2968 qui
256 2896 384 2944 versus
427 2872 548 2966 potius
591 2860 854 2944 abundantiam
899 2871 1161 2965 complectitur.
1205 2890 1330 2962 4‚3,7:
1362 2869 1455 2961 Quis

152 2997 250 3073 furor
272 3017 340 3088 est,
357 3025 454 3096 quae
483 3025 587 3072 mens
608 2999 750 3071 densos
771 2998 943 3094 indagine
963 2997 1078 3071 colles
1097 2997 1331 3071 claudentem
1350 3015 1452 3070 tene-

153 3151 214 3200 ras
242 3125 393 3200 laedere
422 3125 516 3199 velle
546 3125 705 3202 manus?

259 3471 291 3540 3.
333 3447 574 3546 Figurae
619 3473 756 3546 quae
800 3446 1161 3519 detractione
1202 3445 1359 3519 siunt..

724 3665 880 3766 Ellipsis

258 3872 318 3944 De
347 3871 466 3969 ellipsi
494 3897 646 3968 quoque
686 3898 732 3945 ea
768 3874 1094 3946 commemoranda
1132 3888 1215 3944 sunt
1246 3897 1342 3967 quae
1379 3871 1454 3943 iam

150 4025 263 4096 supra
290 4000 339 4071 de
369 4000 594 4073 abundantia
616 4001 779 4074 diximus
838 3999 1003 4074 Tibullus
1030 4025 1116 4072 usus
1137 4015 1196 4072 est
1216 3997 1332 4094 ellipsi
1346 3999 1454 4071 verbi

148 4127 328 4200 auxiliaris
360 4153 466 4199 esse
502 4148 642 4220 r‚1‚75:
682 4129 751 4201 l·lic
781 4154 857 4226 ego
878 4130 949 4200 dux
979 4125 1157 4223 milesque
1186 4128 1303 4200 bonus
1332 4123 1454 4226 (sum).

155 4279 294 4348 1‚4,23:
325 4255 455 4328 Gratia
484 4282 619 4351 magna
647 4259 723 4350 jovi
756 4258 816 4352 (sit
842 4255 900 4328 vel
930 4261 1040 4352 esto).
1067 4301 1117 4310 --
1152 4278 1265 4347 2,1‚31
1301 4253 1454 4325 verbum

146 4383 335 4478 quoddam
365 4381 611 4479 supplendum
642 4401 698 4456 est
725 4384 773 4454 ad
806 4384 925 4457 »bene
956 4383 1206 4458 Messallam«.
1243 4405 1358 4475 r‚4‚7:
1393 4379 1454 4453 Sic

145 4533 232 4620 ego,
289 4512 543 4612 Supplendum
574 4528 633 4590 est
665 4511 829 4590 »locutus
856 4538 979 4591 eram«
1010 4513 1068 4590 vel
1088 4513 1161 4589 tale
1181 4513 1278 4610 quid.
1306 4515 1454 4608 1,6,56:
