3202 5302
724 403 743 476 ς

626 487 835 495 —————-

79 603 358 681 Eboracensem
391 610 454 706 (A)
484 636 580 682 anno
622 635 716 705 1425
771 613 956 708 scriptum,
994 589 1192 685 Parisinum
1237 610 1380 707 regium·

80 739 180 830 7989
211 737 283 834 (B),
326 757 525 834 praeterea
562 755 638 812 tres
677 739 789 812 libros
825 741 1071 835 interpolatos
1106 741 1169 836 qui
1204 741 1297 812 inter
1331 764 1373 813 se

77 867 311 938 consentiunt
340 864 416 966 (C),
450 867 674 957 Wittianum,
710 868 910 953 Datanurn,
951 867 1222 942 Askewianum.
1281 868 1373 940 Post

77 993 350 1065 Lachmannum
384 1020 450 1089 per
484 995 630 1068 multum
664 1013 809 1091 ternpus
843 993 927 1068 nihil
969 997 1048 1069 fere
1085 1012 1258 1069 mutatum
1303 1011 1373 1070 est.
1440 992 1445 1003 ’

76 1121 295 1216 Nuperrime
325 1121 471 1194 demum
501 1149 599 1196 nova
628 1125 715 1196 artis
744 1125 890 1196 criticae
920 1124 1084 1196 subsidia
1117 1125 1264 1196 inventa
1291 1141 1374 1196 sunt

77 1277 99 1320 a
127 1250 366 1322 Baehrensio.
422 1252 532 1344 (Edit.
572 1253 643 1323 Tib
694 1253 791 1347 Lips.
836 1254 962 1348 1878.)
1029 1252 1158 1348 ltaque
1196 1253 1230 1324 in
1259 1252 1373 1325 tribus

77 1379 287 1467 codicibus,
324 1405 419 1475 quos
455 1381 703 1453 nominaturus
733 1406 822 1464 sum,
858 1380 1096 1452 fundamenta
1131 1380 1255 1476 posita
1290 1398 1373 1452 sunt

39 1550 40 1554 =
76 1508 164 1579 artis
193 1509 349 1579 criticae.
405 1509 479 1600 Qui
506 1526 604 1581 sunt:
1216 1587 1219 1592 ,

189 1640 220 1730 1)
253 1635 383 1708 Codex
411 1637 679 1710 Ambrosianus
708 1639 742 1708 R
773 1645 817 1707 26
849 1633 929 1738 (Α),
959 1661 1058 1708 saec.
1080 1636 1167 1707 XIV
1193 1636 1369 1731 inscrip-

75 1782 156 1834 tura
173 1764 332 1837 Gothica
351 1783 534 1838 exaratus.
592 1765 708 1836 Huius
728 1764 867 1835 codicis
886 1789 1086 1859 possessor
1106 1740 1190 1836 erat
1209 1764 1373 1836 Colutius

74 1892 261 1963 Salutatus
290 1893 349 1988 qui
378 1919 474 1964 anno
515 1916 612 1986 1374
649 1892 778 1965 Catulli
813 1909 851 1964 et
886 1893 1064 1987 Propertii
1102 1893 1373 1988 exemplaribus

77 2021 298 2113 quaerendis
320 2021 503 2094 studebat.
534 2022 660 2118 ltaque
680 2039 782 2093 certe
800 2022 895 2093 circa
913 2022 1010 2093 hunc
1024 2047 1157 2094 annum
1178 2037 1284 2093 natus
1304 2038 1371 2093 est.

186 2147 224 2249 2)
254 2150 385 2220 Codex
412 2149 612 2222 Vaticanus
642 2173 743 2243 3270
759 2149 832 2244 (V),
858 2168 1010 2244 praeter
1036 2149 1219 2222 Tibullum
1247 2149 1372 2221 Ovidii

75 2277 123 2346 de
160 2278 332 2349 remediis
370 2278 506 2350 amoris
541 2279 655 2350 libros
689 2279 876 2350 continens
909 2276 1060 2350 saeculo
1094 2278 1249 2373 scriptus
1284 2277 1371 2349 XIV

75 2421 233 2476 exeunte
268 2382 390 2500 potius
426 2433 533 2501 quam
566 2406 714 2478 ineunte
749 2407 819 2478 XV
858 2407 1015 2478 testibus
1054 2407 1099 2479 G.
1137 2407 1305 2478 Loewe
1334 2424 1373 2478 et

75 2533 123 2604 A.
155 2534 263 2604 Mau.

182 2661 254 2751 Qui
282 2662 407 2734 mirum
435 2662 468 2734 in
497 2663 646 2735 modum
666 2664 757 2735 inter
785 2688 827 2734 se
857 2662 1099 2757 consentiunt,
1129 2678 1167 2734 ut
1193 2678 1293 2734 certe
1322 2674 1369 2734 ex

74 2790 209 2861 eodem
230 2791 431 2885 archetypo
451 2791 625 2866 fluxerint.
683 2791 809 2887 Atque
831 2816 877 2863 ex
895 2791 951 2862 his
975 2817 1055 2863 curn
1083 2790 1367 2862 Lachmanniani

55 2939 148 2988 ⁴turn
176 2918 291 2988 ceteri
318 2916 483 3013 plerique
512 2920 664 2992 codices
691 2922 879 2993 fluxerunt.

178 3046 257 3118 Sed
286 3064 434 3141 praeter
464 3072 532 3119 eos
561 3051 678 3120 altera
714 3047 847 3120 familia
881 3065 1004 3120 exstat
1041 3047 1218 3134 codicum,
1254 3071 1366 3141 quarn

71 3175 331 3270 cognoscimus
361 3201 382 3246 e
412 3177 542 3248 codice
569 3201 592 3248 a
628 3175 854 3248 Baehrensio
886 3177 1046 3261 invento,
1083 3176 1168 3246 dico
1197 3171 1365 3247 Guelfer-

70 3304 209 3396 bytano
238 3304 371 3374 codice
399 3304 476 3398 (G),
505 3305 604 3376 cuius
623 3305 780 3400 scriptor
800 3305 1122 3400 Langobardicam
1151 3303 1365 3398 scripturam

69 3430 229 3501 imitatus
270 3449 328 3503 est
369 3448 407 3503 ut
450 3433 574 3504 codex
615 3432 751 3506 saeculi
793 3434 923 3506 decimi
962 3435 1021 3505 vel
1061 3431 1238 3504 undecimi
1280 3455 1366 3502 esse

68 3558 245 3632 videatur.
308 3559 489 3632 Exaratus
526 3579 585 3634 est
631 3561 781 3634 saeculo
827 3562 972 3634 decimo
1005 3561 1142 3656 quintu,
1177 3575 1315 3655 postea
1344 3585 1366 3629 a

68 3713 176 3759 manu
205 3690 415 3761 recentiore
445 3690 679 3763 emendatus.
736 3689 820 3762 Hoc
840 3691 972 3762 codice
993 3688 1144 3761 Puccius
1166 3713 1250 3758 usus
1279 3712 1365 3758 esse

67 3815 226 3904 videtur,
264 3843 373 3913 quum
412 3820 505 3908 1481
547 3819 744 3890 editionem
783 3818 1012 3916 Regiensem
1047 3815 1367 3888 emendationibus
1457 3868 1460 3873 -

68 3962 234 4038 augeret.
290 3946 359 4017 Hic
380 3947 504 4018 codex
518 3947 643 4019 mirum
663 3947 699 4018 in
716 3948 862 4019 modum
877 3945 1062 4018 consentit
1078 3968 1159 4016 curn
1182 3942 1365 4038 excerptis

67 4097 166 4167 quae
194 4072 266 4144 iam
296 4098 407 4167 supra
442 4075 811 4147 commemoravimus
841 4074 1021 4158 ParisiniS,
1056 4089 1095 4144 ut
1122 4069 1365 4142 Baehrensius

67 4200 214 4272 uberius
244 4201 473 4273 demonstrat
504 4203 538 4274 in
561 4203 846 4298 prolegomenis
902 4203 1020 4274 Recte
1058 4198 1117 4272 ille
1150 4198 1206 4270 vir
1234 4199 1367 4270 doctus

67 4355 114 4399 ex
142 4329 202 4400 illo
231 4354 412 4401 consensu
441 4330 624 4403 concludit
657 4333 693 4405 G
726 4349 764 4404 et
796 4347 974 4427 excerpta
1011 4328 1174 4401 Parisina
1212 4327 1259 4398 ab
1294 4325 1365 4396 alia

63 4481 175 4551 quam
196 4456 367 4529 familiam
388 4457 461 4529 AV
482 4460 624 4554 origine
645 4476 727 4532 orta
747 4486 844 4532 esse.
887 4461 1064 4532 Attamen
1085 4478 1213 4528 eorum
1232 4478 1362 4548 paren-

10 4578 14 4585 ’
63 4601 123 4655 tes
153 4610 199 4655 ex
228 4585 364 4657 eodem
394 4587 600 4683 archetypo
638 4588 712 4659 nati
740 4605 833 4676 sunt,
864 4586 965 4682 quod
993 4602 1031 4657 ut
1068 4608 1179 4680 supra
1215 4581 1367 4653 diximus
