3202 5302
774 417 808 462 11

687 494 899 502 -————-—-—-—-

147 634 289 707 4,1,47:
318 617 422 689 Tuis
440 617 579 712 poterit
615 616 808 691 mitescere
843 618 964 691 verbis
992 641 1044 689 sc.
1079 600 1224 690 iras-
1253 611 1439 687 Modulari

145 770 295 817 carmen
326 767 420 838 2,1‚5
430 771 449 839 3
478 745 537 820 i.e.
568 771 713 819 canere.
736 769 877 839 3,4‚59:
907 746 1013 818 Hanc
1043 747 1109 840 (sc.
1131 746 1259 839 lyram)
1289 743 1441 839 primum

144 873 293 945 veniens
308 872 456 969 plectro
476 872 683 947 modulatus
704 876 855 948 eburno.
902 873 986 946 Hoc
1005 871 1089 945 loco
1117 868 1342 945 modulari
1367 897 1443 945 non

145 1017 204 1073 est
231 1026 343 1074 voce
372 1027 515 1087 canere,
544 1002 614 1075 sed
640 1029 774 1077 canere
803 1002 911 1097 lyra.
968 990 1225 1096 Quamobrem
1254 997 1350 1073 nulla
1385 1017 1443 1074 est
1550 1020 1575 1083 ’,

148 1155 262 1202 causa
292 1154 464 1203 curcum
493 1130 640 1225 Heynio
666 1132 781 1205 hanc
809 1132 844 1204 in
871 1132 959 1204 hac
994 1146 1184 1204 mutemus.
1214 1175 1262 1186 -
1288 1129 1440 1201 Movere

147 1263 293 1350 2‚6‚54:
332 1259 495 1330 Moverit
523 1283 544 1330 e
573 1259 666 1332 votis
694 1285 781 1355 pars
810 1276 1085 1356 quotacumque
1113 1258 1219 1330 deos.
1247 1300 1293 1310 —-
1327 1257 1441 1330 Nasci

148 1395 288 1471 2‚2,16:
320 1387 556 1459 Gemmarum
576 1388 752 1484 quidquid
772 1387 938 1461 felicibus
966 1388 1063 1461 Indis
1091 1387 1251 1460 nascitur
1277 1386 1298 1462 i.
1314 1411 1347 1461 e.
1378 1386 1442 1458 ob·

146 1514 253 1611 tingit
271 1515 322 1586 iis.
363 1514 509 1587 Necare
530 1518 697 1606 4,=1‚1168:
718 1517 824 1590 Vires
844 1535 956 1590 necat
975 1541 1049 1589 aer.
1066 1560 1116 1570 -
1135 1515 1277 1588 Natare
1301 1538 1442 1607 4‚1,44:

144 1641 323 1715 instabilis
352 1659 455 1716 natat
491 1642 637 1717 alterno
675 1646 891 1741 depressior
925 1646 1017 1718 orbe
1046 1669 1097 1717 sc.
1127 1622 1229 1716 libra.
1260 1687 1312 1698 —
1339 1643 1440 1716 Nere

148 1781 292 1865 3‚3‚36:
322 1774 459 1846 Futura
483 1789 598 1846 neunt
618 1773 662 1845 ie
686 1774 880 1847 destinant.
897 1817 947 1828 -
966 1771 1120 1844 Placare
1144 1795 1283 1863 3,4‚1o:
1309 1769 1442 1844 Omina

146 1901 260 1974 noctis
288 1900 384 1974 farre
411 1901 475 1997 pio
512 1900 671 1997 placant.
706 1926 843 1994 4,1‚14.
873 1944 923 1956 »-
952 1898 1134 1998 Plangere
1165 1899 1279 1972 docta
1307 1901 1443 1972 bovem

151 2032 270 2119 1,7,28
286 2030 347 2103 ie.
368 2028 510 2127 lugere.
526 2073 576 2082 -
594 2027 764 2103 Polluere
786 2048 932 2121 1,9‚17:
952 2029 1057 2102 Auro
1078 2055 1125 2101 ne
1140 2026 1264 2124 pollue
1286 2029 1442 2113 sormam
1553 2106 1556 2111 ,

142 2157 203 2230 ie.
219 2158 290 2229 noli
309 2183 392 2230 eam
415 2158 661 2232 dedecorare.
678 2201 729 2212 ›—
746 2158 890 2231 Ponere
906 2173 1044 2231 metum
1059 2179 1184 2250 4,4,15
1202 2157 1262 2231 ie.
1287 2182 1329 2229 se
1345 2172 1443 2230 metu

143 2281 311 2358 liberare.
369 2286 605 2382 Componere
630 2311 774 2377 1,2,91:
795 2287 844 2360 Et
864 2287 932 2360 sibi
950 2285 1146 2360 blanditias
1171 2282 1326 2359 tremula
1346 2309 1443 2358 com·

144 2439 287 2509 ponere
314 2420 409 2486 ¹uoce
438 2413 495 2488 ie.
526 2415 660 2488 dicere.
689 2415 733 2488 cl.
757 2422 896 2508 3,6,35.
916 2439 1082 2508 4‚1,100.
1103 2458 1153 2468 --
1184 2413 1442 2487 Praescribere

146 2544 318 2635 4‚1‚178:
346 2542 579 2615 Praescribat
606 2544 764 2615 carmina
784 2545 957 2635 Phoebus
986 2545 1044 2618 ie.
1066 2543 1192 2617 dictet.
1214 2586 1266 2598 --
1289 2540 1440 2614 Radere

145 2694 307 2760 4,1,142.
355 2671 675 2743 Broukhusius
704 2698 750 2744 ex
778 2670 957 2745 Heinsii
985 2671 1245 2746 emendatione
1274 2668 1441 2769 legebatt

144 2799 257 2871 Radit
283 2798 467 2871 Arecteos
499 2800 598 2872 haud
624 2826 695 2872 una
727 2826 795 2896 per
823 2802 920 2874 ostia
955 2825 1119 2898 campos,
1179 2799 1286 2892 Quae
1327 2817 1442 2873 trans·

144 2927 232 2999 latio
255 2953 365 3022 quum
386 2954 470 2998 rara
497 2943 608 3013 esset,
637 2928 804 3026 Scaliger
833 2955 855 3001 e
878 2930 1085 3026 fragmento
1110 2928 1309 3002 Cuiaciano
1336 2953 1442 3024 repo-

144 3056 231 3127 suit:
260 3055 384 3127 Ardet
409 3054 581 3128 Arecteis
610 3074 673 3128 aut
698 3057 796 3128 unda
824 3083 894 3152 per
920 3056 1069 3150 hospita
1099 3053 1250 3149 campis,
1308 3053 1442 3150 Neque

145 3183 230 3255 mihi
257 3183 352 3256 haec
380 3182 568 3256 translatio
587 3184 754 3257 usitatior
778 3186 932 3259 videtur.
989 3183 1098 3278 Quae
1119 3180 1311 3254 difficultas
1330 3181 1439 3255 facile
1469 3250 1471 3255 .

144 3308 281 3384 tollitur
306 3326 446 3384 mutata
474 3336 570 3385 voce
603 3313 754 3385 ›ardet‹
792 3314 827 3387 in
867 3331 1007 3388 »aret«.
1072 3311 1201 3407 Itaque
1239 3310 1325 3383 mihi
1362 3336 1442 3382 cum
1508 3406 1518 3420 η

145 3439 187 3510 L.
204 3436 429 3512 Muellero
448 3437 648 3538 legendum
675 3440 835 3515 videtur:
866 3442 963 3515 Aret
986 3440 1157 3513 Arecteis
1177 3440 1266 3512 haut
1287 3465 1360 3512 una
1373 3464 1442 3536 per

145 3568 243 3640 ostia
272 3568 424 3664 campiS,
457 3585 495 3640 ut
529 3595 658 3642 versus
692 3593 761 3662 142
802 3585 905 3643 arcte
938 3570 1144 3642 cohaereat
1178 3592 1260 3641 cum
1294 3583 1441 3641 antece·
1479 3578 1483 3587 '

145 3696 258 3771 denti.
309 3740 359 3750 —-
387 3698 575 3792 Relegare
612 3704 731 3791 4,6,5:
770 3698 914 3771 Causas
941 3698 1016 3786 tibi,
1059 3697 1165 3780 diva,
1198 3698 1342 3794 relegat
1382 3696 1441 3772 ie.

144 3821 288 3919 culpam
316 3825 378 3897 tibi
408 3826 588 3898 adtribuit.
603 3871 655 3880 -—
675 3828 868 3922 Repetere
900 3832 1043 3918 3‚6,61:
1068 3825 1253 3899 Sollicitus
1274 3843 1442 3922 repetam

144 3969 225 4024 tota
260 3953 414 4048 suspiria
448 3970 556 4027 nocte
593 3955 649 4028 i.e.
679 3978 803 4026 eorum
837 3955 1057 4059 reminiscor.
1102 3998 1153 4008 -—
1183 3956 1439 4051 Requiescere

152 4104 259 4171 1,2‚4:
280 4081 494 4177 Requiescit
513 4107 618 4154 amor
632 4083 692 4155 ie.
706 4107 779 4154 non
798 4082 867 4155 urit
887 4083 1052 4157 amicum.
1072 4104 1191 4176 2,1‚5:
1208 4083 1441 4179 Requiescat

142 4210 351 4282 humus.—
367 4213 561 4306 Respuere
591 4232 710 4303 4,1,7:
740 4210 822 4282 Nec
848 4236 998 4285 munera
1023 4238 1138 4307 parva
1161 4212 1346 4308 respueris
1378 4212 1438 4287 ie.

143 4338 413 4432 repudiaveris
444 4383 493 4394 —-
523 4338 640 4413 Salire
672 4361 808 4431 3,A,ro:
838 4337 1002 4412 Saliente
1032 4338 1120 4413 salc.
1162 4337 1227 4412 Sal
1255 4340 1303 4411 ad
1331 4340 1441 4413 sacri-

143 4465 327 4538 ficandum
355 4466 554 4540 adhibitum
580 4469 610 4541 si
638 4469 674 4540 in
699 4468 823 4564 ignem
841 4468 972 4540 iactum
994 4467 1197 4558 exsiliebat,
1227 4494 1338 4541 omen
1359 4487 1439 4544 erat

144 4596 314 4671 faustum.
346 4641 395 4651 -
424 4597 567 4671 Sanare
600 4622 742 4693 2‚3,13:
771 4597 914 4672 Sanare
942 4623 1048 4678 curas
1075 4597 1280 4679 salubribus
1305 4599 1441 4688 herbis,
