<?xml version="1.0" encoding="UTF-8"?>
<!DOCTYPE html PUBLIC "-//W3C//DTD XHTML 1.0 Transitional//EN"
    "http://www.w3.org/TR/xhtml1/DTD/xhtml1-transitional.dtd">
<html xmlns="http://www.w3.org/1999/xhtml" xml:lang="en" lang="en">
 <head>
  <title>
</title>
<meta http-equiv="Content-Type" content="text/html;charset=utf-8" />
  <meta name='ocr-system' content='tesseract 3.04.00' />
  <meta name='ocr-capabilities' content='ocr_page ocr_carea ocr_par ocr_line ocrx_word'/>
</head>
<body>
  <div class='ocr_page' id='page_1' title='image "./detropisetfigur00hansgoog_0047.png"; bbox 0 0 3202 5302; ppageno 0'>
   <div class='ocr_carea' id='block_1_1' title="bbox 848 365 1000 429">
    <p class='ocr_par' dir='ltr' id='par_1_1' title="bbox 848 365 1000 429">
     <span class='ocr_line' id='line_1_1' title="bbox 848 365 1000 429; baseline -0.013 0"><span class='ocrx_word' id='word_1_1' title='bbox 848 365 1000 429; x_wconf 74' lang='lat'><strong>44&#39;</strong></span> 
     </span>
    </p>
   </div>
   <div class='ocr_carea' id='block_1_2' title="bbox 757 443 968 450">
    <p class='ocr_par' dir='ltr' id='par_1_2' title="bbox 757 443 968 450">
     <span class='ocr_line' id='line_1_2' title="bbox 757 443 968 450; baseline 0.005 -1"><span class='ocrx_word' id='word_1_2' title='bbox 757 443 888 450; x_wconf 67' lang='lat'><strong>——-.-..........</strong></span> <span class='ocrx_word' id='word_1_3' title='bbox 891 444 941 450; x_wconf 79' lang='lat'>-----</span> <span class='ocrx_word' id='word_1_4' title='bbox 943 443 968 450; x_wconf 75' lang='lat'><strong>—</strong></span> 
     </span>
    </p>
   </div>
   <div class='ocr_carea' id='block_1_3' title="bbox 641 563 1083 662">
    <p class='ocr_par' dir='ltr' id='par_1_3' title="bbox 641 563 1083 662">
     <span class='ocr_line' id='line_1_3' title="bbox 641 563 1083 662; baseline 0.005 -26"><span class='ocrx_word' id='word_1_5' title='bbox 641 591 669 637; x_wconf 92' lang='lat' dir='ltr'><strong>c.</strong></span> <span class='ocrx_word' id='word_1_6' title='bbox 698 563 898 661; x_wconf 82' lang='lat' dir='ltr'><strong>Enallages</strong></span> <span class='ocrx_word' id='word_1_7' title='bbox 917 567 1083 662; x_wconf 68' lang='lat' dir='ltr'><strong>‚generis</strong></span> 
     </span>
    </p>
   </div>
   <div class='ocr_carea' id='block_1_4' title="bbox 210 773 1510 1610">
    <p class='ocr_par' dir='ltr' id='par_1_4' title="bbox 212 773 1509 1122">
     <span class='ocr_line' id='line_1_4' title="bbox 326 773 1509 870; baseline 0.003 -27"><span class='ocrx_word' id='word_1_8' title='bbox 326 775 461 865; x_wconf 82' lang='lat'>1,8‚13:</span> <span class='ocrx_word' id='word_1_9' title='bbox 493 773 642 844; x_wconf 84' lang='lat' dir='ltr'>Frustra</span> <span class='ocrx_word' id='word_1_10' title='bbox 672 789 854 845; x_wconf 89' lang='lat' dir='ltr'><strong>mutantur</strong></span> <span class='ocrx_word' id='word_1_11' title='bbox 882 773 1035 845; x_wconf 89' lang='lat' dir='ltr'><strong>amictus</strong></span> <span class='ocrx_word' id='word_1_12' title='bbox 1072 798 1236 870; x_wconf 90' lang='lat' dir='ltr'><strong>ansaque</strong></span> <span class='ocrx_word' id='word_1_13' title='bbox 1267 799 1509 870; x_wconf 89' lang='lat' dir='ltr'><strong>compressos</strong></span> 
     </span>
     <span class='ocr_line' id='line_1_5' title="bbox 212 899 1508 994; baseline 0.002 -24"><span class='ocrx_word' id='word_1_14' title='bbox 212 899 364 994; x_wconf 83' lang='lat' dir='ltr'><strong>colligat</strong></span> <span class='ocrx_word' id='word_1_15' title='bbox 402 915 481 970; x_wconf 92' lang='lat' dir='ltr'><strong>arta</strong></span> <span class='ocrx_word' id='word_1_16' title='bbox 515 900 646 994; x_wconf 88' lang='lat' dir='ltr'><strong>pedes.</strong></span> <span class='ocrx_word' id='word_1_17' title='bbox 687 923 828 991; x_wconf 79' lang='lat'>2,1,43:</span> <span class='ocrx_word' id='word_1_18' title='bbox 867 899 971 970; x_wconf 88' lang='lat' dir='ltr'><strong>Tunc</strong></span> <span class='ocrx_word' id='word_1_19' title='bbox 1008 899 1125 971; x_wconf 91' lang='lat' dir='ltr'><strong>victus</strong></span> <span class='ocrx_word' id='word_1_20' title='bbox 1159 902 1285 973; x_wconf 89' lang='lat' dir='ltr'><strong>abiere</strong></span> <span class='ocrx_word' id='word_1_21' title='bbox 1317 902 1393 989; x_wconf 81' lang='lat' dir='ltr'><strong>seri,</strong></span> <span class='ocrx_word' id='word_1_22' title='bbox 1425 919 1508 973; x_wconf 92' lang='lat' dir='ltr'><strong>tunc</strong></span> 
     </span>
     <span class='ocr_line' id='line_1_6' title="bbox 214 1024 1164 1122; baseline 0.001 -23"><span class='ocrx_word' id='word_1_23' title='bbox 214 1027 358 1099; x_wconf 85' lang='lat' dir='ltr'><strong>consita</strong></span> <span class='ocrx_word' id='word_1_24' title='bbox 388 1050 529 1121; x_wconf 90' lang='lat' dir='ltr'><strong>pomus.</strong></span> <span class='ocrx_word' id='word_1_25' title='bbox 562 1050 736 1116; x_wconf 80' lang='lat'>4,1,190:</span> <span class='ocrx_word' id='word_1_26' title='bbox 770 1027 916 1117; x_wconf 78' lang='lat' dir='ltr'><strong>Cadant</strong></span> <span class='ocrx_word' id='word_1_27' title='bbox 943 1024 1164 1122; x_wconf 88' lang='lat' dir='ltr'><strong>spolierque.</strong></span> 
     </span>
    </p>

    <p class='ocr_par' dir='ltr' id='par_1_5' title="bbox 210 1134 1510 1610">
     <span class='ocr_line' id='line_1_7' title="bbox 319 1134 1510 1250; baseline -0.001 -26"><span class='ocrx_word' id='word_1_28' title='bbox 319 1153 400 1225; x_wconf 88' lang='lat' dir='ltr'><strong>Hoc</strong></span> <span class='ocrx_word' id='word_1_29' title='bbox 429 1151 517 1224; x_wconf 93' lang='lat' dir='ltr'><strong>loco</strong></span> <span class='ocrx_word' id='word_1_30' title='bbox 547 1152 680 1225; x_wconf 79' lang='lat' dir='ltr'><strong>afferre</strong></span> <span class='ocrx_word' id='word_1_31' title='bbox 711 1152 796 1226; x_wconf 92' lang='lat' dir='ltr'><strong>licet</strong></span> <span class='ocrx_word' id='word_1_32' title='bbox 827 1155 1017 1250; x_wconf 89' lang='lat' dir='ltr'><strong>participia</strong></span> <span class='ocrx_word' id='word_1_33' title='bbox 1052 1178 1147 1249; x_wconf 88' lang='lat' dir='ltr'><strong>qnae</strong></span> <span class='ocrx_word' id='word_1_34' title='bbox 1183 1153 1334 1224; x_wconf 84' lang='lat' dir='ltr'><strong>formam</strong></span> <span class='ocrx_word' id='word_1_35' title='bbox 1371 1134 1510 1224; x_wconf 84' lang='lat' dir='ltr'><strong>habent</strong></span> 
     </span>
     <span class='ocr_line' id='line_1_8' title="bbox 210 1280 1507 1376; baseline 0 -24"><span class='ocrx_word' id='word_1_36' title='bbox 210 1282 314 1353; x_wconf 91' lang='lat' dir='ltr'><strong>verbi</strong></span> <span class='ocrx_word' id='word_1_37' title='bbox 354 1281 537 1376; x_wconf 76' lang='lat' dir='ltr'><strong>patiendi,</strong></span> <span class='ocrx_word' id='word_1_38' title='bbox 580 1282 650 1352; x_wconf 88' lang='lat' dir='ltr'><strong>sed</strong></span> <span class='ocrx_word' id='word_1_39' title='bbox 691 1282 910 1354; x_wconf 85' lang='lat' dir='ltr'>sententiam</span> <span class='ocrx_word' id='word_1_40' title='bbox 953 1281 1057 1354; x_wconf 86' lang='lat' dir='ltr'><strong>verbi</strong></span> <span class='ocrx_word' id='word_1_41' title='bbox 1100 1280 1259 1376; x_wconf 85' lang='lat' dir='ltr'><strong>agentis.</strong></span> <span class='ocrx_word' id='word_1_42' title='bbox 1288 1280 1507 1374; x_wconf 83' lang='lat' dir='ltr'><strong>significant.</strong></span> 
     </span>
     <span class='ocr_line' id='line_1_9' title="bbox 211 1394 1507 1505; baseline -0.001 -25"><span class='ocrx_word' id='word_1_43' title='bbox 211 1409 322 1480; x_wconf 88' lang='lat' dir='ltr'><strong>Potus</strong></span> <span class='ocrx_word' id='word_1_44' title='bbox 362 1411 505 1500; x_wconf 77' lang='lat'>2,5,89:</span> <span class='ocrx_word' id='word_1_45' title='bbox 550 1405 611 1480; x_wconf 94' lang='lat' dir='ltr'><strong>llle</strong></span> <span class='ocrx_word' id='word_1_46' title='bbox 646 1407 735 1482; x_wconf 89' lang='lat' dir='ltr'><strong>levis</strong></span> <span class='ocrx_word' id='word_1_47' title='bbox 773 1407 929 1505; x_wconf 89' lang='lat' dir='ltr'><strong>stipulae</strong></span> <span class='ocrx_word' id='word_1_48' title='bbox 968 1411 1166 1481; x_wconf 84' lang='lat' dir='ltr'>sollemnes</span> <span class='ocrx_word' id='word_1_49' title='bbox 1203 1423 1313 1502; x_wconf 91' lang='lat' dir='ltr'><strong>potus</strong></span> <span class='ocrx_word' id='word_1_50' title='bbox 1348 1394 1507 1479; x_wconf 83' lang='lat' dir='ltr'><strong>acervos</strong></span> 
     </span>
     <span class='ocr_line' id='line_1_10' title="bbox 210 1538 403 1610; baseline 0.016 -3"><span class='ocrx_word' id='word_1_51' title='bbox 210 1538 403 1610; x_wconf 88' lang='lat' dir='ltr'><strong>accendet.</strong></span> 
     </span>
    </p>
   </div>
   <div class='ocr_carea' id='block_1_5' title="bbox 648 1683 1117 1801">
    <p class='ocr_par' dir='ltr' id='par_1_6' title="bbox 648 1683 1117 1801">
     <span class='ocr_line' id='line_1_11' title="bbox 648 1683 1117 1801; baseline 0.004 -45"><span class='ocrx_word' id='word_1_52' title='bbox 648 1687 683 1758; x_wconf 90' lang='lat' dir='ltr'><strong>d.</strong></span> <span class='ocrx_word' id='word_1_53' title='bbox 715 1683 916 1782; x_wconf 82' lang='lat' dir='ltr'><strong>Enallages</strong></span> <span class='ocrx_word' id='word_1_54' title='bbox 944 1687 1056 1759; x_wconf 91' lang='lat' dir='ltr'><strong>modi.</strong></span> <span class='ocrx_word' id='word_1_55' title='bbox 1110 1786 1117 1801; x_wconf 25' lang='grc' dir='ltr'><strong><em>ι</em></strong></span> 
     </span>
    </p>
   </div>
   <div class='ocr_carea' id='block_1_6' title="bbox 210 1831 1504 2060">
    <p class='ocr_par' dir='ltr' id='par_1_7' title="bbox 210 1831 1504 2060">
     <span class='ocr_line' id='line_1_12' title="bbox 321 1831 1504 1929; baseline -0.001 -23"><span class='ocrx_word' id='word_1_56' title='bbox 321 1838 455 1927; x_wconf 83' lang='lat'>1,8,33:</span> <span class='ocrx_word' id='word_1_57' title='bbox 498 1835 590 1906; x_wconf 86' lang='lat' dir='ltr'><strong>Huic</strong></span> <span class='ocrx_word' id='word_1_58' title='bbox 631 1852 669 1907; x_wconf 91' lang='lat' dir='ltr'><strong>tu</strong></span> <span class='ocrx_word' id='word_1_59' title='bbox 711 1833 912 1907; x_wconf 89' lang='lat' dir='ltr'><strong>candentes</strong></span> <span class='ocrx_word' id='word_1_60' title='bbox 958 1860 1085 1907; x_wconf 89' lang='lat' dir='ltr'><strong>umero</strong></span> <span class='ocrx_word' id='word_1_61' title='bbox 1121 1857 1291 1929; x_wconf 87' lang='lat' dir='ltr'><strong>suppone</strong></span> <span class='ocrx_word' id='word_1_62' title='bbox 1332 1831 1504 1918; x_wconf 70' lang='lat' dir='ltr'><strong>lacertos</strong></span> 
     </span>
     <span class='ocr_line' id='line_1_13' title="bbox 210 1963 1004 2060; baseline 0.003 -26"><span class='ocrx_word' id='word_1_63' title='bbox 210 1980 248 2034; x_wconf 92' lang='lat' dir='ltr'><strong>et</strong></span> <span class='ocrx_word' id='word_1_64' title='bbox 276 1988 404 2059; x_wconf 82' lang='lat' dir='ltr'><strong>regum</strong></span> <span class='ocrx_word' id='word_1_65' title='bbox 433 1989 591 2060; x_wconf 80' lang='lat' dir='ltr'><strong>magnae</strong></span> <span class='ocrx_word' id='word_1_66' title='bbox 622 1963 869 2059; x_wconf 86' lang='lat' dir='ltr'><strong>despiciantur</strong></span> <span class='ocrx_word' id='word_1_67' title='bbox 899 1987 1004 2058; x_wconf 93' lang='lat' dir='ltr'><strong>opes.</strong></span> 
     </span>
    </p>
   </div>
   <div class='ocr_carea' id='block_1_7' title="bbox 570 2102 1142 2200">
    <p class='ocr_par' dir='ltr' id='par_1_8' title="bbox 570 2102 1142 2200">
     <span class='ocr_line' id='line_1_14' title="bbox 570 2102 1142 2200; baseline 0.005 -26"><span class='ocrx_word' id='word_1_68' title='bbox 570 2130 602 2177; x_wconf 88' lang='lat' dir='ltr'><strong>e.</strong></span> <span class='ocrx_word' id='word_1_69' title='bbox 632 2102 833 2200; x_wconf 86' lang='lat' dir='ltr'><strong>Enallages</strong></span> <span class='ocrx_word' id='word_1_70' title='bbox 863 2105 956 2176; x_wconf 92' lang='lat' dir='ltr'><strong>aliae</strong></span> <span class='ocrx_word' id='word_1_71' title='bbox 985 2106 1142 2200; x_wconf 87' lang='lat' dir='ltr'><strong>species.</strong></span> 
     </span>
    </p>
   </div>
   <div class='ocr_carea' id='block_1_8' title="bbox 205 2255 1506 3247">
    <p class='ocr_par' dir='ltr' id='par_1_9' title="bbox 205 2255 1506 3247">
     <span class='ocr_line' id='line_1_15' title="bbox 315 2255 1505 2356; baseline -0.003 -25"><span class='ocrx_word' id='word_1_72' title='bbox 315 2260 499 2331; x_wconf 85' lang='lat' dir='ltr'><strong>Adiectivi</strong></span> <span class='ocrx_word' id='word_1_73' title='bbox 526 2260 666 2356; x_wconf 86' lang='lat' dir='ltr'><strong>gradus</strong></span> <span class='ocrx_word' id='word_1_74' title='bbox 695 2274 877 2331; x_wconf 89' lang='lat' dir='ltr'><strong>mutantur</strong></span> <span class='ocrx_word' id='word_1_75' title='bbox 911 2283 1048 2344; x_wconf 81' lang='lat' dir='ltr'><strong>2,1,2o:</strong></span> <span class='ocrx_word' id='word_1_76' title='bbox 1091 2259 1172 2332; x_wconf 89' lang='lat' dir='ltr'><strong>Neu</strong></span> <span class='ocrx_word' id='word_1_77' title='bbox 1206 2260 1334 2344; x_wconf 90' lang='lat' dir='ltr'><strong>timeat</strong></span> <span class='ocrx_word' id='word_1_78' title='bbox 1361 2255 1505 2328; x_wconf 87' lang='lat' dir='ltr'><strong>celeres</strong></span> 
     </span>
     <span class='ocr_line' id='line_1_16' title="bbox 208 2384 1504 2484; baseline -0.003 -25"><span class='ocrx_word' id='word_1_79' title='bbox 208 2387 351 2459; x_wconf 88' lang='lat' dir='ltr'><strong>tardior</strong></span> <span class='ocrx_word' id='word_1_80' title='bbox 380 2413 477 2484; x_wconf 85' lang='lat' dir='ltr'><strong>agna</strong></span> <span class='ocrx_word' id='word_1_81' title='bbox 505 2389 625 2482; x_wconf 91' lang='lat' dir='ltr'><strong>lupos.</strong></span> <span class='ocrx_word' id='word_1_82' title='bbox 683 2386 884 2459; x_wconf 91' lang='lat' dir='ltr'><strong>Praeterea</strong></span> <span class='ocrx_word' id='word_1_83' title='bbox 915 2387 985 2458; x_wconf 92' lang='lat' dir='ltr'><strong>hoc</strong></span> <span class='ocrx_word' id='word_1_84' title='bbox 1021 2385 1108 2459; x_wconf 93' lang='lat' dir='ltr'><strong>loco</strong></span> <span class='ocrx_word' id='word_1_85' title='bbox 1139 2384 1504 2457; x_wconf 89' lang='lat' dir='ltr'><strong>commemorandum</strong></span> 
     </span>
     <span class='ocr_line' id='line_1_17' title="bbox 207 2512 1504 2587; baseline -0.004 -1"><span class='ocrx_word' id='word_1_86' title='bbox 207 2531 266 2587; x_wconf 89' lang='lat' dir='ltr'><strong>est</strong></span> <span class='ocrx_word' id='word_1_87' title='bbox 294 2512 475 2587; x_wconf 88' lang='lat' dir='ltr'><strong>Tibullum</strong></span> <span class='ocrx_word' id='word_1_88' title='bbox 505 2517 620 2587; x_wconf 88' lang='lat' dir='ltr'><strong>semel</strong></span> <span class='ocrx_word' id='word_1_89' title='bbox 645 2523 743 2585; x_wconf 86' lang='lat' dir='ltr'><strong>¹voce</strong></span> <span class='ocrx_word' id='word_1_90' title='bbox 782 2514 934 2586; x_wconf 90' lang='lat' dir='ltr'><strong>videndi</strong></span> <span class='ocrx_word' id='word_1_91' title='bbox 969 2514 1019 2586; x_wconf 93' lang='lat' dir='ltr'><strong>ita</strong></span> <span class='ocrx_word' id='word_1_92' title='bbox 1055 2539 1155 2586; x_wconf 88' lang='lat' dir='ltr'><strong>usum</strong></span> <span class='ocrx_word' id='word_1_93' title='bbox 1191 2538 1277 2584; x_wconf 88' lang='lat' dir='ltr'><strong>esse</strong></span> <span class='ocrx_word' id='word_1_94' title='bbox 1318 2530 1357 2584; x_wconf 93' lang='lat' dir='ltr'><strong>ut</strong></span> <span class='ocrx_word' id='word_1_95' title='bbox 1399 2536 1504 2582; x_wconf 90' lang='lat' dir='ltr'><strong>accu-</strong></span> 
     </span>
     <span class='ocr_line' id='line_1_18' title="bbox 205 2641 1502 2714; baseline -0.002 -1"><span class='ocrx_word' id='word_1_96' title='bbox 205 2642 359 2713; x_wconf 89' lang='lat' dir='ltr'><strong>sativum</strong></span> <span class='ocrx_word' id='word_1_97' title='bbox 389 2666 471 2713; x_wconf 92' lang='lat' dir='ltr'><strong>cum</strong></span> <span class='ocrx_word' id='word_1_98' title='bbox 500 2641 672 2713; x_wconf 86' lang='lat' dir='ltr'><strong>infinitivo</strong></span> <span class='ocrx_word' id='word_1_99' title='bbox 701 2643 932 2714; x_wconf 91' lang='lat' dir='ltr'><strong>coniunctum</strong></span> <span class='ocrx_word' id='word_1_100' title='bbox 962 2644 1061 2714; x_wconf 91' lang='lat' dir='ltr'><strong>solus</strong></span> <span class='ocrx_word' id='word_1_101' title='bbox 1100 2641 1328 2712; x_wconf 89' lang='lat' dir='ltr'><strong>accusativus</strong></span> <span class='ocrx_word' id='word_1_102' title='bbox 1359 2665 1380 2711; x_wconf 91' lang='lat' dir='ltr'><strong>e</strong></span> <span class='ocrx_word' id='word_1_103' title='bbox 1409 2664 1502 2710; x_wconf 89' lang='lat' dir='ltr'><strong>voce</strong></span> 
     </span>
     <span class='ocr_line' id='line_1_19' title="bbox 205 2766 1504 2864; baseline -0.002 -25"><span class='ocrx_word' id='word_1_104' title='bbox 205 2768 358 2843; x_wconf 86' lang='lat' dir='ltr'><strong>videndi</strong></span> <span class='ocrx_word' id='word_1_105' title='bbox 384 2767 555 2864; x_wconf 85' lang='lat' dir='ltr'><strong>pendens</strong></span> <span class='ocrx_word' id='word_1_106' title='bbox 590 2787 776 2864; x_wconf 85' lang='lat' dir='ltr'><strong>sequatur.</strong></span> <span class='ocrx_word' id='word_1_107' title='bbox 822 2791 964 2862; x_wconf 79' lang='lat'>2‚5,51:</span> <span class='ocrx_word' id='word_1_108' title='bbox 1008 2768 1063 2839; x_wconf 87' lang='lat' dir='ltr'><strong>Te</strong></span> <span class='ocrx_word' id='word_1_109' title='bbox 1102 2791 1252 2862; x_wconf 91' lang='lat' dir='ltr'><strong>quoque</strong></span> <span class='ocrx_word' id='word_1_110' title='bbox 1280 2767 1350 2838; x_wconf 93' lang='lat' dir='ltr'><strong>iam</strong></span> <span class='ocrx_word' id='word_1_111' title='bbox 1379 2766 1504 2851; x_wconf 78' lang='lat' dir='ltr'><strong>video,</strong></span> 
     </span>
     <span class='ocr_line' id='line_1_20' title="bbox 207 2893 1503 2991; baseline -0.002 -23"><span class='ocrx_word' id='word_1_112' title='bbox 207 2897 312 2968; x_wconf 88' lang='lat' dir='ltr'><strong>Marti</strong></span> <span class='ocrx_word' id='word_1_113' title='bbox 354 2897 528 2991; x_wconf 89' lang='lat' dir='ltr'><strong>placitura</strong></span> <span class='ocrx_word' id='word_1_114' title='bbox 569 2896 748 2968; x_wconf 81' lang='lat' dir='ltr'><strong>sacerdos</strong></span> <span class='ocrx_word' id='word_1_115' title='bbox 791 2893 871 2983; x_wconf 81' lang='lat' dir='ltr'><strong>Ilia,</strong></span> <span class='ocrx_word' id='word_1_116' title='bbox 915 2893 1089 2968; x_wconf 89' lang='lat' dir='ltr'><strong>Vestales</strong></span> <span class='ocrx_word' id='word_1_117' title='bbox 1130 2893 1342 2967; x_wconf 90' lang='lat' dir='ltr'><strong>deseruisse</strong></span> <span class='ocrx_word' id='word_1_118' title='bbox 1384 2894 1503 2981; x_wconf 77' lang='lat' dir='ltr'><strong>focoS,</strong></span> 
     </span>
     <span class='ocr_line' id='line_1_21' title="bbox 205 3022 1506 3120; baseline -0.002 -25"><span class='ocrx_word' id='word_1_119' title='bbox 205 3024 493 3120; x_wconf 88' lang='lat' dir='ltr'><strong>concubitusque</strong></span> <span class='ocrx_word' id='word_1_120' title='bbox 531 3042 616 3096; x_wconf 91' lang='lat' dir='ltr'><strong>tuos</strong></span> <span class='ocrx_word' id='word_1_121' title='bbox 655 3024 772 3096; x_wconf 87' lang='lat' dir='ltr'><strong>furtim</strong></span> <span class='ocrx_word' id='word_1_122' title='bbox 819 3025 1003 3120; x_wconf 87' lang='lat' dir='ltr'><strong>vittasque</strong></span> <span class='ocrx_word' id='word_1_123' title='bbox 1037 3024 1204 3096; x_wconf 89' lang='lat' dir='ltr'><strong>iacentes</strong></span> <span class='ocrx_word' id='word_1_124' title='bbox 1238 3039 1277 3094; x_wconf 92' lang='lat' dir='ltr'><strong>et</strong></span> <span class='ocrx_word' id='word_1_125' title='bbox 1306 3022 1427 3117; x_wconf 91' lang='lat' dir='ltr'><strong>cupidi</strong></span> <span class='ocrx_word' id='word_1_126' title='bbox 1457 3023 1506 3093; x_wconf 94' lang='lat' dir='ltr'><strong>ad</strong></span> 
     </span>
     <span class='ocr_line' id='line_1_22' title="bbox 206 3150 691 3247; baseline 0.008 -25"><span class='ocrx_word' id='word_1_127' title='bbox 206 3151 304 3247; x_wconf 89' lang='lat' dir='ltr'><strong>ripas</strong></span> <span class='ocrx_word' id='word_1_128' title='bbox 330 3175 436 3223; x_wconf 87' lang='lat' dir='ltr'><strong>arma</strong></span> <span class='ocrx_word' id='word_1_129' title='bbox 465 3150 590 3223; x_wconf 86' lang='lat' dir='ltr'><strong>relicta</strong></span> <span class='ocrx_word' id='word_1_130' title='bbox 619 3153 691 3226; x_wconf 86' lang='lat' dir='ltr'><strong>dei.</strong></span> 
     </span>
    </p>
   </div>
   <div class='ocr_carea' id='block_1_9' title="bbox 580 3399 1143 3505">
    <p class='ocr_par' dir='ltr' id='par_1_10' title="bbox 580 3399 1143 3505">
     <span class='ocr_line' id='line_1_23' title="bbox 580 3399 1143 3505; baseline -0.002 -33"><span class='ocrx_word' id='word_1_131' title='bbox 580 3429 612 3495; x_wconf 78' lang='lat' dir='ltr'><strong>y.</strong></span> <span class='ocrx_word' id='word_1_132' title='bbox 642 3399 855 3496; x_wconf 85' lang='lat' dir='ltr'><strong>Hypallage</strong></span> <span class='ocrx_word' id='word_1_133' title='bbox 886 3400 1143 3505; x_wconf 89' lang='lat' dir='ltr'><strong>epithetorum.</strong></span> 
     </span>
    </p>
   </div>
   <div class='ocr_carea' id='block_1_10' title="bbox 204 3604 1506 4602">
    <p class='ocr_par' dir='ltr' id='par_1_11' title="bbox 204 3604 1506 4602">
     <span class='ocr_line' id='line_1_24' title="bbox 312 3604 1505 3703; baseline -0.003 -24"><span class='ocrx_word' id='word_1_134' title='bbox 312 3608 433 3699; x_wconf 81' lang='lat' dir='ltr'><strong>Quum</strong></span> <span class='ocrx_word' id='word_1_135' title='bbox 476 3609 572 3681; x_wconf 89' lang='lat' dir='ltr'><strong>haec</strong></span> <span class='ocrx_word' id='word_1_136' title='bbox 600 3610 716 3703; x_wconf 86' lang='lat' dir='ltr'><strong>figura</strong></span> <span class='ocrx_word' id='word_1_137' title='bbox 752 3609 822 3680; x_wconf 90' lang='lat' dir='ltr'><strong>iam</strong></span> <span class='ocrx_word' id='word_1_138' title='bbox 860 3609 958 3703; x_wconf 92' lang='lat' dir='ltr'><strong>apud</strong></span> <span class='ocrx_word' id='word_1_139' title='bbox 996 3608 1194 3703; x_wconf 86' lang='lat' dir='ltr'><strong>pedestres</strong></span> <span class='ocrx_word' id='word_1_140' title='bbox 1228 3606 1428 3699; x_wconf 88' lang='lat' dir='ltr'><strong>scriptores</strong></span> <span class='ocrx_word' id='word_1_141' title='bbox 1455 3604 1505 3676; x_wconf 92' lang='lat' dir='ltr'><strong>in-</strong></span> 
     </span>
     <span class='ocr_line' id='line_1_25' title="bbox 204 3732 1506 3830; baseline -0.002 -24"><span class='ocrx_word' id='word_1_142' title='bbox 204 3736 385 3821; x_wconf 86' lang='lat' dir='ltr'><strong>veniatur,</strong></span> <span class='ocrx_word' id='word_1_143' title='bbox 428 3763 509 3808; x_wconf 90' lang='lat' dir='ltr'><strong>eam</strong></span> <span class='ocrx_word' id='word_1_144' title='bbox 545 3763 567 3809; x_wconf 91' lang='lat' dir='ltr'><strong>a</strong></span> <span class='ocrx_word' id='word_1_145' title='bbox 602 3733 749 3808; x_wconf 87' lang='lat' dir='ltr'><strong>Tibullo</strong></span> <span class='ocrx_word' id='word_1_146' title='bbox 793 3759 940 3830; x_wconf 91' lang='lat' dir='ltr'><strong>quoque</strong></span> <span class='ocrx_word' id='word_1_147' title='bbox 984 3733 1150 3806; x_wconf 87' lang='lat' dir='ltr'><strong>adhiberi</strong></span> <span class='ocrx_word' id='word_1_148' title='bbox 1194 3758 1301 3806; x_wconf 91' lang='lat' dir='ltr'><strong>nemo</strong></span> <span class='ocrx_word' id='word_1_149' title='bbox 1343 3732 1410 3805; x_wconf 91' lang='lat' dir='ltr'><strong>erit</strong></span> <span class='ocrx_word' id='word_1_150' title='bbox 1443 3732 1506 3825; x_wconf 92' lang='lat' dir='ltr'><strong>qui</strong></span> 
     </span>
     <span class='ocr_line' id='line_1_26' title="bbox 205 3861 1506 3952; baseline -0.002 -18"><span class='ocrx_word' id='word_1_151' title='bbox 205 3864 359 3934; x_wconf 93' lang='lat' dir='ltr'><strong>miretur.</strong></span> <span class='ocrx_word' id='word_1_152' title='bbox 388 3866 532 3952; x_wconf 76' lang='lat' dir='ltr'><strong>1,4‚8o:</strong></span> <span class='ocrx_word' id='word_1_153' title='bbox 554 3863 727 3935; x_wconf 91' lang='lat' dir='ltr'><strong>Deducat</strong></span> <span class='ocrx_word' id='word_1_154' title='bbox 746 3864 910 3934; x_wconf 91' lang='lat' dir='ltr'><strong>iuvenum</strong></span> <span class='ocrx_word' id='word_1_155' title='bbox 930 3861 1060 3933; x_wconf 91' lang='lat' dir='ltr'><strong>sedula</strong></span> <span class='ocrx_word' id='word_1_156' title='bbox 1080 3863 1185 3935; x_wconf 90' lang='lat' dir='ltr'><strong>turba</strong></span> <span class='ocrx_word' id='word_1_157' title='bbox 1204 3886 1342 3932; x_wconf 91' lang='lat' dir='ltr'><strong>senem.</strong></span> <span class='ocrx_word' id='word_1_158' title='bbox 1367 3862 1459 3942; x_wconf 83' lang='lat'><em>2‚1‚8</em></span> <span class='ocrx_word' id='word_1_159' title='bbox 1466 3881 1506 3950; x_wconf 87' lang='lat'><strong>5:</strong></span> 
     </span>
     <span class='ocr_line' id='line_1_27' title="bbox 206 3986 1503 4087; baseline -0.005 -25"><span class='ocrx_word' id='word_1_160' title='bbox 206 3990 298 4062; x_wconf 92' lang='lat' dir='ltr'><strong>Nam</strong></span> <span class='ocrx_word' id='word_1_161' title='bbox 330 3991 436 4062; x_wconf 91' lang='lat' dir='ltr'><strong>turba</strong></span> <span class='ocrx_word' id='word_1_162' title='bbox 464 3991 591 4062; x_wconf 92' lang='lat' dir='ltr'><strong>iocosa</strong></span> <span class='ocrx_word' id='word_1_163' title='bbox 618 3992 810 4087; x_wconf 89' lang='lat' dir='ltr'><strong>obstrepit.</strong></span> <span class='ocrx_word' id='word_1_164' title='bbox 848 4002 986 4085; x_wconf 84' lang='lat'>1,5‚56:</span> <span class='ocrx_word' id='word_1_165' title='bbox 1021 3993 1110 4062; x_wconf 87' lang='lat' dir='ltr'><strong>Post</strong></span> <span class='ocrx_word' id='word_1_166' title='bbox 1137 4005 1225 4082; x_wconf 85' lang='lat' dir='ltr'><strong>agat</strong></span> <span class='ocrx_word' id='word_1_167' title='bbox 1254 4015 1274 4060; x_wconf 90' lang='lat' dir='ltr'><strong>e</strong></span> <span class='ocrx_word' id='word_1_168' title='bbox 1304 3986 1417 4059; x_wconf 87' lang='lat' dir='ltr'><strong>triviis</strong></span> <span class='ocrx_word' id='word_1_169' title='bbox 1447 4012 1503 4057; x_wconf 91' lang='lat' dir='ltr'><strong>as-</strong></span> 
     </span>
     <span class='ocr_line' id='line_1_28' title="bbox 205 4113 1505 4214; baseline -0.005 -24"><span class='ocrx_word' id='word_1_170' title='bbox 205 4144 296 4214; x_wconf 90' lang='lat' dir='ltr'><strong>pera</strong></span> <span class='ocrx_word' id='word_1_171' title='bbox 317 4119 423 4190; x_wconf 87' lang='lat' dir='ltr'><strong>turba</strong></span> <span class='ocrx_word' id='word_1_172' title='bbox 443 4142 582 4191; x_wconf 90' lang='lat' dir='ltr'><strong>canum.</strong></span> <span class='ocrx_word' id='word_1_173' title='bbox 619 4124 794 4214; x_wconf 79' lang='lat' dir='ltr'><strong>1,io,38:·</strong></span> <span class='ocrx_word' id='word_1_174' title='bbox 817 4121 926 4194; x_wconf 87' lang='lat' dir='ltr'><strong>Errat</strong></span> <span class='ocrx_word' id='word_1_175' title='bbox 955 4120 1003 4192; x_wconf 91' lang='lat' dir='ltr'><strong>ad</strong></span> <span class='ocrx_word' id='word_1_176' title='bbox 1024 4119 1205 4189; x_wconf 89' lang='lat' dir='ltr'><strong>obscuros</strong></span> <span class='ocrx_word' id='word_1_177' title='bbox 1233 4113 1369 4210; x_wconf 89' lang='lat' dir='ltr'><strong>pallida</strong></span> <span class='ocrx_word' id='word_1_178' title='bbox 1396 4115 1505 4185; x_wconf 93' lang='lat' dir='ltr'><strong>turba</strong></span> 
     </span>
     <span class='ocr_line' id='line_1_29' title="bbox 205 4241 1503 4339; baseline -0.004 -21"><span class='ocrx_word' id='word_1_179' title='bbox 205 4245 317 4320; x_wconf 92' lang='lat' dir='ltr'><strong>lacus.</strong></span> <span class='ocrx_word' id='word_1_180' title='bbox 359 4289 397 4299; x_wconf 93' lang='lat'><strong>—</strong></span> <span class='ocrx_word' id='word_1_181' title='bbox 429 4265 546 4335; x_wconf 80' lang='lat'>1‚7‚7:</span> <span class='ocrx_word' id='word_1_182' title='bbox 576 4247 627 4319; x_wconf 83' lang='lat' dir='ltr'><strong>At</strong></span> <span class='ocrx_word' id='word_1_183' title='bbox 656 4267 693 4321; x_wconf 93' lang='lat' dir='ltr'><strong>te</strong></span> <span class='ocrx_word' id='word_1_184' title='bbox 723 4249 892 4321; x_wconf 84' lang='lat' dir='ltr'><strong>uictrices</strong></span> <span class='ocrx_word' id='word_1_185' title='bbox 912 4246 1046 4329; x_wconf 90' lang='lat' dir='ltr'><strong>lauros,</strong></span> <span class='ocrx_word' id='word_1_186' title='bbox 1076 4241 1262 4323; x_wconf 79' lang='lat' dir='ltr'><strong>Messalla,</strong></span> <span class='ocrx_word' id='word_1_187' title='bbox 1296 4255 1503 4339; x_wconf 83' lang='lat' dir='ltr'><strong>gerentem.</strong></span> 
     </span>
     <span class='ocr_line' id='line_1_30' title="bbox 212 4367 1504 4466; baseline -0.003 -22"><span class='ocrx_word' id='word_1_188' title='bbox 212 4376 346 4466; x_wconf 83' lang='lat'>1,7,48:</span> <span class='ocrx_word' id='word_1_189' title='bbox 384 4373 431 4443; x_wconf 86' lang='lat' dir='ltr'><strong>Et</strong></span> <span class='ocrx_word' id='word_1_190' title='bbox 464 4371 555 4445; x_wconf 91' lang='lat' dir='ltr'><strong>levis</strong></span> <span class='ocrx_word' id='word_1_191' title='bbox 591 4373 741 4447; x_wconf 89' lang='lat' dir='ltr'><strong>occultis</strong></span> <span class='ocrx_word' id='word_1_192' title='bbox 779 4373 931 4446; x_wconf 89' lang='lat' dir='ltr'><strong>conscia</strong></span> <span class='ocrx_word' id='word_1_193' title='bbox 966 4373 1058 4445; x_wconf 89' lang='lat' dir='ltr'><strong>cista</strong></span> <span class='ocrx_word' id='word_1_194' title='bbox 1093 4372 1218 4444; x_wconf 90' lang='lat' dir='ltr'><strong>sacris.</strong></span> <span class='ocrx_word' id='word_1_195' title='bbox 1261 4374 1400 4459; x_wconf 80' lang='lat'>2,1‚69:</span> <span class='ocrx_word' id='word_1_196' title='bbox 1431 4367 1504 4441; x_wconf 92' lang='lat' dir='ltr'><strong>Illic</strong></span> 
     </span>
     <span class='ocr_line' id='line_1_31' title="bbox 204 4496 1503 4602; baseline -0.007 -24"><span class='ocrx_word' id='word_1_197' title='bbox 204 4501 355 4578; x_wconf 89' lang='lat' dir='ltr'><strong>indocto</strong></span> <span class='ocrx_word' id='word_1_198' title='bbox 376 4501 527 4602; x_wconf 89' lang='lat' dir='ltr'><strong>primum</strong></span> <span class='ocrx_word' id='word_1_199' title='bbox 548 4527 589 4575; x_wconf 90' lang='lat' dir='ltr'><strong>se</strong></span> <span class='ocrx_word' id='word_1_200' title='bbox 610 4502 776 4576; x_wconf 83' lang='lat' dir='ltr'><strong>exercuit</strong></span> <span class='ocrx_word' id='word_1_201' title='bbox 795 4526 894 4579; x_wconf 85' lang='lat' dir='ltr'><strong>arcu.</strong></span> <span class='ocrx_word' id='word_1_202' title='bbox 928 4525 959 4586; x_wconf 72' lang='lat'><strong>2,</strong></span> <span class='ocrx_word' id='word_1_203' title='bbox 967 4527 1000 4598; x_wconf 74' lang='lat'><strong>3,</strong></span> <span class='ocrx_word' id='word_1_204' title='bbox 1006 4520 1072 4593; x_wconf 88' lang='lat'><strong>37:</strong></span> <span class='ocrx_word' id='word_1_205' title='bbox 1102 4497 1247 4572; x_wconf 90' lang='lat' dir='ltr'><strong>Praeda</strong></span> <span class='ocrx_word' id='word_1_206' title='bbox 1274 4497 1371 4569; x_wconf 84' lang='lat' dir='ltr'><strong>seras</strong></span> <span class='ocrx_word' id='word_1_207' title='bbox 1399 4496 1503 4569; x_wconf 88' lang='lat' dir='ltr'><strong>acies</strong></span> 
     </span>
    </p>
   </div>
   <div class='ocr_carea' id='block_1_11' title="bbox 0 0 1606 5302">
    <p class='ocr_par' dir='ltr' id='par_1_12' title="bbox 0 0 1606 5302">
     <span class='ocr_line' id='line_1_32' title="bbox 0 0 1606 5302; baseline 0 2"><span class='ocrx_word' id='word_1_208' title='bbox 0 0 1606 5302; x_wconf 95' lang='lat' dir='ltr'><strong> </strong></span> 
     </span>
    </p>
   </div>
  </div>
 </body>
</html>
