3202 5302
674 392 677 397 ’
712 417 735 478 9

631 490 840 500 ———„..
852 502 857 509 ι

84 619 118 690 T
120 644 190 691 unc
217 620 306 692 bibit
332 620 493 714 inriguas
520 613 644 688 fertilis
672 616 800 689 hortus
830 642 956 712 aquas.
1014 617 1153 691 Hortus
1181 618 1257 693 hoc
1293 617 1378 693 loco

86 747 276 821 animatur.
304 793 356 803 —
384 747 534 820 Cadere
566 762 704 836 2,2,17:
733 743 835 817 Vota
861 745 995 817 cadunt
1022 746 1045 819 i.
1067 772 1098 821 e.
1131 747 1264 821 dantur
1285 774 1381 844 quae

86 892 270 972 optantur.
326 878 432 970 Prop.
466 896 587 966 1‚17,4
612 873 748 945 eadem
776 874 893 945 verba
919 874 1141 946 contrarium
1163 876 1378 973 significant.

87 1006 197 1096 3‚3‚8.
220 1027 385 1096 4,1¹‚190.
408 999 596 1073 Decidere
622 1024 772 1092 3,1‚2o:
816 1000 876 1072 An
895 1015 973 1072 toto
994 1017 1145 1097 pectere
1167 1003 1378 1079 deciderim.

86 1133 227 1205 Homer
256 1136 294 1204 ἐκ
321 1136 440 1225 θυμοῦ
472 1132 624 1202 πεσέειν.
681 1128 774 1201 Labi
813 1135 946 1221 1‚6,53:
984 1128 1174 1226 Attigeris‚
1212 1130 1380 1206 labentur

84 1287 179 1356 opes
208 1261 227 1333 i.
257 1287 290 1333 e.
320 1273 586 1332 consumuntur.
613 1259 732 1347 1‚8,48
750 1259 797 1330 de
813 1274 993 1353 tempore.
1010 1303 1061 1312 -
1079 1257 1211 1331 Calere
1233 1282 1377 1353 4‚5,10:

84 1390 176 1462 Cum
207 1390 254 1461 de
283 1415 343 1460 me
358 1389 509 1485 cogitat,
529 1383 588 1458 ille
616 1383 713 1458 calet
740 1412 789 1457 sc.
810 1412 947 1458 amore.
973 1409 1136 1480 1,10‚53.
1156 1431 1208 1443 -—-
1233 1388 1379 1462 Canere

89 1523 233 1610 2,5‚16:
262 1516 402 1589 Abdita
431 1540 527 1611 quae
549 1514 647 1586 senis
667 1513 741 1586 lata
762 1515 861 1587 canit
880 1515 1049 1610 pedibus.
1107 1516 1252 1589 Canere
1280 1518 1378 1590 idem

83 1663 143 1720 est
171 1671 214 1718 ac
241 1645 437 1718 vaticinari.
481 1646 614 1735 2‚5,18.
649 1641 868 1715 Praecinere
909 1666 1050 1737 1,5‚12:
1090 1643 1262 1718 Carmine
1299 1672 1379 1722 cum

82 1775 231 1872 magico
257 1772 526 1869 praecinuisset
543 1797 646 1844 anus,
675 1795 705 1856 2,
711 1789 806 1864 5‚74.
823 1817 872 1825 —
889 1772 1003 1844 Verbi
1031 1768 1245 1846 celebrandi
1264 1791 1378 1850 trans·

82 1901 170 1975 latio
213 1902 346 1975 usitata
388 1917 455 1974 est.
503 1923 637 1993 1‚3‚33.
687 1905 823 1993 1,6,17.
863 1923 997 1989 2‚1‚29.
1039 1923 1200 1994 2‚5‚115.
1244 1923 1378 1996 3,4‚57.

84 2054 218 2124 3,5,29.
246 2031 516 2104 Concelebrare
552 2050 685 2121 1,5,70.
715 2072 766 2081 -
787 2028 951 2101 Cernere
980 2052 1151 2122 4‚1,1o3:
1182 2031 1378 2126 Duplicem

80 2159 269 2232 seiunctim
310 2184 460 2232 cernere
502 2157 660 2230 Martem
690 2157 743 2228 ie.
782 2174 936 2230 certare.
955 2158 1179 2231 -Certare
1208 2183 1376 2250 4,1‚12o:

80 2288 173 2380 Quis
200 2287 469 2383 Amythaonius
497 2300 658 2381 nequeat
685 2302 832 2358 certare
860 2286 1068 2382 Melampus
1107 2288 1162 2361 ie.
1189 2286 1373 2365 aemulari.

80 2416 306 2488 -Cessare
339 2421 456 2505 2‚1,6:
501 2415 638 2487 Cesset
664 2439 757 2510 opus
786 2414 845 2489 i.e.
875 2440 947 2488 non
974 2433 1137 2513 urgetur.
1152 2460 1202 2470 -
1221 2416 1377 2490 Circum·

82 2562 205 2617 terere
240 2568 383 2637 1,2,95:
412 2543 551 2616 Iuvenis
580 2544 686 2615 turba
714 2543 934 2616 circumterit
953 2559 1031 2616 arta
1059 2543 1119 2618 ie.
1154 2544 1374 2628 circumstat.

80 2672 266 2745 Deterere
302 2678 447 2765 1‚9,16:
477 2671 637 2744 Deteret
656 2670 835 2745 invalidos
864 2688 902 2744 et
929 2672 986 2745 via
1015 2674 1129 2769 longa
1147 2672 1269 2768 pedes
1297 2674 1319 2748 i.
1341 2701 1375 2749 e.

77 2802 215 2896 pedum
229 2801 331 2873 vires
347 2798 522 2873 debilitat.
540 2845 592 2854 -
608 2799 791 2872 Conicere
816 2803 953 2893 1,8,54:
983 2800 1105 2873 Miser.
1128 2803 1271 2874 absenti
1290 2863 1296 2876 .
1316 2862 1323 2877 .
1340 2861 1347 2874 .
1365 2863 1372 2878 .

80 2927 252 3025 querelas
288 2929 418 3001 conicit
456 2929 476 3000 i.
501 2955 534 3001 e.
570 2954 654 3000 eum
692 2927 851 3024 querelis
888 2927 1041 3001 obtudit.
1078 2974 1130 2984 —-
1160 2930 1374 3005 Conserere

87 3080 232 3151 1,1,74:
274 3058 387 3131 Rixas
423 3056 655 3129 conseruisse
685 3057 794 3130 iuvat.
851 3058 1040 3131 Deserere
1076 3066 1211 3149 1,5,6o:
1248 3060 1375 3155 Sagae

78 3203 284 3282 praecepta
304 3185 447 3282 rapacis
467 3185 602 3257 desere
630 3185 686 3260 ie.
718 3182 788 3257 noli
808 3186 850 3258 iis
870 3187 1036 3282 obsequi.
1058 3231 1108 3241 -
1136 3186 1374 3263 Contundere

81 3320 225 3408 3,6,14:
247 3311 308 3386 Ille
329 3315 492 3386 ferocem
509 3310 697 3414 (animum)
729 3313 895 3387 contudit
908 3315 956 3389 i.e
976 3316 1125 3413 subegit
1144 3315 1202 3390 vel
1222 3316 1371 3392 domuit.

80 3487 130 3499 -—
146 3441 348 3538 Depellere
383 3461 519 3535 1,5,37:
550 3441 668 3514 Curas
697 3439 887 3536 depellere
916 3444 1003 3515 vino
1032 3445 1091 3519 ie.
1121 3471 1373 3520 amovere.—

79 3573 267 3667 Depluere
299 3594 439 3665 2‚5,72:
465 3571 601 3643 Multus
635 3585 673 3641 ut
696 3570 732 3642 in
761 3585 879 3643 terras
901 3572 1172 3670 deplueretque
1202 3572 1294 3670 lapis
1316 3575 1372 3648 ie.

78 3698 281 3773 decideret.
303 3744 353 3752 -
374 3700 593 3771 Discurrere
624 3720 743 3790 3,1,3:
780 3699 936 3772 Munera
963 3701 1180 3775 discurrunt.
1220 3704 1374 3775 Munera

76 3827 152 3899 hoc
190 3829 278 3900 loco
323 3827 534 3900 animantur.
576 3870 626 3878 -
668 3826 833 3900 Domare
876 3852 904 3912 1,
923 3837 1017 3920 5,6:
1055 3828 1216 3901 Horrida
1256 3831 1371 3903 verba

78 3958 191 4028 doma
219 3956 277 4028 i.e.
315 3954 423 4030 molli.
460 4001 509 4009 -
544 3955 696 4026 Ducere
738 3979 913 4051 soporem
950 3959 1078 4047 1‚2,80
1109 3956 1208 4032 idern
1247 3973 1304 4032 est
1330 3984 1373 4031 ac

78 4083 250 4158 dormire.
282 4128 332 4139 —
361 4083 496 4155 Errare
531 4092 709 4174 4‚1‚106.:
745 4083 816 4156 Per
848 4084 978 4157 dubias
1015 4102 1136 4159 errant
1172 4112 1257 4158 mea
1294 4111 1371 4158 car-

76 4211 176 4283 mina
190 4212 331 4284 laudes.
361 4211 533 4285 Carmina
549 4212 779 4288 conferuntur
800 4214 935 4286 erranti
955 4214 1103 4309 hospiti.
1122 4259 1172 4268 -
1188 4213 1372 4287 Excutere

81 4339 441 4425 2,6‚12:Exeutiunt
469 4338 617 4414 clausae
648 4341 757 4413 sortia
784 4342 899 4414 verba
926 4341 1025 4414 fores
1058 4343 1115 4415 ie.
1145 4341 1303 4415 efficiunt
1322 4356 1372 4431 ut,

78 4467 135 4539 cui
167 4468 286 4540 aditus
315 4483 473 4563 negatus
504 4469 559 4558 sit,
607 4468 784 4565 increpet.
814 4468 1055 4565 —Explere
1089 4493 1227 4562 1‚3,53:
1260 4468 1372 4562 Quod

76 4597 108 4675 si
129 4595 260 4672 fatales
280 4596 352 4673 iam
372 4623 464 4673 nunc
486 4595 711 4694 explevimus
739 4623 866 4674 annos.
904 4603 1039 4688 1,4,69.
1069 4599 1224 4702 implere
1253 4623 1371 4702 3,3,1:
