<?xml version="1.0" encoding="UTF-8"?>
<!DOCTYPE html PUBLIC "-//W3C//DTD XHTML 1.0 Transitional//EN"
    "http://www.w3.org/TR/xhtml1/DTD/xhtml1-transitional.dtd">
<html xmlns="http://www.w3.org/1999/xhtml" xml:lang="en" lang="en">
 <head>
  <title>
</title>
<meta http-equiv="Content-Type" content="text/html;charset=utf-8" />
  <meta name='ocr-system' content='tesseract 3.04.00' />
  <meta name='ocr-capabilities' content='ocr_page ocr_carea ocr_par ocr_line ocrx_word'/>
</head>
<body>
  <div class='ocr_page' id='page_1' title='image "./detropisetfigur00hansgoog_0050.png"; bbox 0 0 3202 5302; ppageno 0'>
   <div class='ocr_carea' id='block_1_1' title="bbox 704 419 914 503">
    <p class='ocr_par' dir='ltr' id='par_1_1' title="bbox 704 419 914 503">
     <span class='ocr_line' id='line_1_1' title="bbox 704 419 914 503; baseline 0 -25"><span class='ocrx_word' id='word_1_1' title='bbox 704 419 914 503; x_wconf 37' lang='grc' dir='ltr'>,ιι-7.,-</span> 
     </span>
    </p>
   </div>
   <div class='ocr_carea' id='block_1_2' title="bbox 60 602 1458 1101">
    <p class='ocr_par' dir='ltr' id='par_1_2' title="bbox 60 602 1458 1101">
     <span class='ocr_line' id='line_1_2' title="bbox 60 602 1458 713; baseline -0.005 -18"><span class='ocrx_word' id='word_1_2' title='bbox 60 602 65 609; x_wconf 49' lang='grc'><strong>’</strong></span> <span class='ocrx_word' id='word_1_3' title='bbox 155 620 198 695; x_wconf 89' lang='lat' dir='ltr'>Si</span> <span class='ocrx_word' id='word_1_4' title='bbox 225 636 344 693; x_wconf 89' lang='lat' dir='ltr'>tamen</span> <span class='ocrx_word' id='word_1_5' title='bbox 375 619 558 703; x_wconf 88' lang='lat' dir='ltr'>admittas,</span> <span class='ocrx_word' id='word_1_6' title='bbox 587 618 633 690; x_wconf 92' lang='lat' dir='ltr'>sit</span> <span class='ocrx_word' id='word_1_7' title='bbox 662 641 799 713; x_wconf 85' lang='lat' dir='ltr'>precor</span> <span class='ocrx_word' id='word_1_8' title='bbox 825 615 884 689; x_wconf 90' lang='lat' dir='ltr'>illa</span> <span class='ocrx_word' id='word_1_9' title='bbox 912 613 1013 689; x_wconf 85' lang='lat' dir='ltr'>levis.</span> <span class='ocrx_word' id='word_1_10' title='bbox 1073 617 1157 690; x_wconf 90' lang='lat' dir='ltr'>Hoc</span> <span class='ocrx_word' id='word_1_11' title='bbox 1185 612 1268 690; x_wconf 93' lang='lat' dir='ltr'>loco</span> <span class='ocrx_word' id='word_1_12' title='bbox 1300 643 1320 689; x_wconf 92' lang='lat' dir='ltr'>e</span> <span class='ocrx_word' id='word_1_13' title='bbox 1347 626 1458 689; x_wconf 85' lang='lat' dir='ltr'>versu</span> 
     </span>
     <span class='ocr_line' id='line_1_3' title="bbox 60 726 1458 844; baseline -0.004 -21"><span class='ocrx_word' id='word_1_14' title='bbox 60 726 65 739; x_wconf 50' lang='grc'><strong><em>’</em></strong></span> <span class='ocrx_word' id='word_1_15' title='bbox 155 748 392 823; x_wconf 84' lang='lat' dir='ltr'>antecedenti</span> <span class='ocrx_word' id='word_1_16' title='bbox 434 773 622 844; x_wconf 82' lang='lat' dir='ltr'>›poenas‹</span> <span class='ocrx_word' id='word_1_17' title='bbox 663 743 907 842; x_wconf 90' lang='lat' dir='ltr'>supplendum</span> <span class='ocrx_word' id='word_1_18' title='bbox 944 761 1013 818; x_wconf 90' lang='lat' dir='ltr'>est.</span> <span class='ocrx_word' id='word_1_19' title='bbox 1061 767 1207 838; x_wconf 78' lang='lat'>1‚5‚42:</span> <span class='ocrx_word' id='word_1_20' title='bbox 1248 746 1295 818; x_wconf 91' lang='lat' dir='ltr'>Et</span> <span class='ocrx_word' id='word_1_21' title='bbox 1333 760 1458 817; x_wconf 92' lang='lat' dir='ltr'>narrat</span> 
     </span>
     <span class='ocr_line' id='line_1_4' title="bbox 60 871 1450 977; baseline -0.003 -26"><span class='ocrx_word' id='word_1_22' title='bbox 60 884 67 977; x_wconf 64' lang='lat' dir='ltr'>J·</span> <span class='ocrx_word' id='word_1_23' title='bbox 153 876 249 951; x_wconf 87' lang='lat' dir='ltr'>scire</span> <span class='ocrx_word' id='word_1_24' title='bbox 275 876 436 949; x_wconf 91' lang='lat' dir='ltr'>nefanda</span> <span class='ocrx_word' id='word_1_25' title='bbox 467 881 530 970; x_wconf 84' lang='lat' dir='ltr'>(sc.</span> <span class='ocrx_word' id='word_1_26' title='bbox 560 875 743 947; x_wconf 89' lang='lat' dir='ltr'>dominam</span> <span class='ocrx_word' id='word_1_27' title='bbox 773 873 821 945; x_wconf 87' lang='lat' dir='ltr'>de</span> <span class='ocrx_word' id='word_1_28' title='bbox 850 898 923 969; x_wconf 90' lang='lat' dir='ltr'>qua</span> <span class='ocrx_word' id='word_1_29' title='bbox 951 871 1111 945; x_wconf 89' lang='lat' dir='ltr'>inversu</span> <span class='ocrx_word' id='word_1_30' title='bbox 1141 896 1192 964; x_wconf 89' lang='lat'>40</span> <span class='ocrx_word' id='word_1_31' title='bbox 1208 871 1346 945; x_wconf 86' lang='lat' dir='ltr'>dictum</span> <span class='ocrx_word' id='word_1_32' title='bbox 1364 874 1450 968; x_wconf 77' lang='lat' dir='ltr'>est).</span> 
     </span>
     <span class='ocr_line' id='line_1_5' title="bbox 60 997 1455 1101; baseline -0.003 -24"><span class='ocrx_word' id='word_1_33' title='bbox 60 1036 63 1097; x_wconf 79' lang='lat' dir='ltr'>j</span> <span class='ocrx_word' id='word_1_34' title='bbox 161 1026 302 1096; x_wconf 83' lang='lat'>1‚4,51:</span> <span class='ocrx_word' id='word_1_35' title='bbox 328 1004 367 1076; x_wconf 90' lang='lat' dir='ltr'>Si</span> <span class='ocrx_word' id='word_1_36' title='bbox 387 1002 491 1076; x_wconf 91' lang='lat' dir='ltr'>volet</span> <span class='ocrx_word' id='word_1_37' title='bbox 509 1029 612 1076; x_wconf 89' lang='lat' dir='ltr'>arma</span> <span class='ocrx_word' id='word_1_38' title='bbox 639 1000 722 1085; x_wconf 83' lang='lat' dir='ltr'>levi,</span> <span class='ocrx_word' id='word_1_39' title='bbox 750 998 950 1095; x_wconf 84' lang='lat' dir='ltr'>temptabis</span> <span class='ocrx_word' id='word_1_40' title='bbox 976 1003 1104 1072; x_wconf 89' lang='lat' dir='ltr'>ludere</span> <span class='ocrx_word' id='word_1_41' title='bbox 1136 999 1270 1074; x_wconf 84' lang='lat' dir='ltr'>dextra</span> <span class='ocrx_word' id='word_1_42' title='bbox 1299 997 1455 1101; x_wconf 84' lang='lat' dir='ltr'>(manu).</span> 
     </span>
    </p>
   </div>
   <div class='ocr_carea' id='block_1_3' title="bbox 592 1321 1017 1332">
    <p class='ocr_par' dir='ltr' id='par_1_3' title="bbox 592 1321 1017 1332">
     <span class='ocr_line' id='line_1_6' title="bbox 592 1321 1017 1332; baseline 0 -2"><span class='ocrx_word' id='word_1_43' title='bbox 592 1321 1017 1332; x_wconf 57' lang='lat' dir='ltr'>m</span> 
     </span>
    </p>
   </div>
   <div class='ocr_carea' id='block_1_4' title="bbox 60 1552 1453 2418">
    <p class='ocr_par' dir='ltr' id='par_1_4' title="bbox 60 1552 1453 2418">
     <span class='ocr_line' id='line_1_7' title="bbox 261 1552 1453 1650; baseline -0.002 -24"><span class='ocrx_word' id='word_1_44' title='bbox 261 1554 381 1648; x_wconf 83' lang='lat' dir='ltr'>Quum</span> <span class='ocrx_word' id='word_1_45' title='bbox 411 1555 605 1650; x_wconf 81' lang='lat' dir='ltr'>figurarum</span> <span class='ocrx_word' id='word_1_46' title='bbox 621 1555 940 1648; x_wconf 86' lang='lat' dir='ltr'>grammaticarum</span> <span class='ocrx_word' id='word_1_47' title='bbox 968 1578 1066 1649; x_wconf 88' lang='lat' dir='ltr'>quae</span> <span class='ocrx_word' id='word_1_48' title='bbox 1084 1553 1213 1626; x_wconf 87' lang='lat' dir='ltr'>ordine</span> <span class='ocrx_word' id='word_1_49' title='bbox 1229 1552 1317 1625; x_wconf 84' lang='lat' dir='ltr'>fiunt</span> <span class='ocrx_word' id='word_1_50' title='bbox 1332 1579 1453 1626; x_wconf 85' lang='lat' dir='ltr'>exem·</span> 
     </span>
     <span class='ocr_line' id='line_1_8' title="bbox 60 1681 1453 1785; baseline 0 -32"><span class='ocrx_word' id='word_1_51' title='bbox 60 1696 65 1775; x_wconf 55' lang='grc' dir='ltr'>ζ</span> <span class='ocrx_word' id='word_1_52' title='bbox 153 1681 214 1777; x_wconf 88' lang='lat' dir='ltr'>pla</span> <span class='ocrx_word' id='word_1_53' title='bbox 248 1682 347 1778; x_wconf 88' lang='lat' dir='ltr'>apud</span> <span class='ocrx_word' id='word_1_54' title='bbox 383 1681 565 1754; x_wconf 87' lang='lat' dir='ltr'>Tibullum</span> <span class='ocrx_word' id='word_1_55' title='bbox 600 1707 673 1753; x_wconf 93' lang='lat' dir='ltr'>non</span> <span class='ocrx_word' id='word_1_56' title='bbox 711 1683 969 1769; x_wconf 71' lang='lat' dir='ltr'>invenerimus,</span> <span class='ocrx_word' id='word_1_57' title='bbox 1008 1681 1270 1785; x_wconf 83' lang='lat' dir='ltr'>transeundum</span> <span class='ocrx_word' id='word_1_58' title='bbox 1311 1699 1371 1753; x_wconf 86' lang='lat' dir='ltr'>est</span> <span class='ocrx_word' id='word_1_59' title='bbox 1405 1681 1453 1753; x_wconf 90' lang='lat' dir='ltr'>ad</span> 
     </span>
     <span class='ocr_line' id='line_1_9' title="bbox 152 1808 1451 1906; baseline -0.001 -25"><span class='ocrx_word' id='word_1_60' title='bbox 152 1808 287 1906; x_wconf 82' lang='lat' dir='ltr'>figuras</span> <span class='ocrx_word' id='word_1_61' title='bbox 315 1811 587 1882; x_wconf 89' lang='lat' dir='ltr'>sententiarum.</span> <span class='ocrx_word' id='word_1_62' title='bbox 645 1810 749 1901; x_wconf 80' lang='lat' dir='ltr'>Quas</span> <span class='ocrx_word' id='word_1_63' title='bbox 783 1810 974 1904; x_wconf 87' lang='lat' dir='ltr'>quominus</span> <span class='ocrx_word' id='word_1_64' title='bbox 1002 1809 1208 1881; x_wconf 83' lang='lat' dir='ltr'>accuratius</span> <span class='ocrx_word' id='word_1_65' title='bbox 1237 1824 1451 1895; x_wconf 79' lang='lat' dir='ltr'>tractarem,</span> 
     </span>
     <span class='ocr_line' id='line_1_10' title="bbox 152 1937 1419 2033; baseline -0.001 -24"><span class='ocrx_word' id='word_1_66' title='bbox 152 1937 330 2032; x_wconf 90' lang='lat' dir='ltr'>temporis</span> <span class='ocrx_word' id='word_1_67' title='bbox 360 1939 535 2031; x_wconf 85' lang='lat' dir='ltr'>angustiis</span> <span class='ocrx_word' id='word_1_68' title='bbox 565 1937 759 2033; x_wconf 89' lang='lat' dir='ltr'>impeditus</span> <span class='ocrx_word' id='word_1_69' title='bbox 787 1963 875 2009; x_wconf 90' lang='lat' dir='ltr'>sum.</span> <span class='ocrx_word' id='word_1_70' title='bbox 1418 1945 1419 1948; x_wconf 74' lang='grc'>’</span> 
     </span>
     <span class='ocr_line' id='line_1_11' title="bbox 258 2061 1449 2160; baseline -0.001 -24"><span class='ocrx_word' id='word_1_71' title='bbox 258 2065 431 2160; x_wconf 84' lang='lat' dir='ltr'>Denique</span> <span class='ocrx_word' id='word_1_72' title='bbox 461 2064 621 2137; x_wconf 86' lang='lat' dir='ltr'>tabulam</span> <span class='ocrx_word' id='word_1_73' title='bbox 659 2065 758 2137; x_wconf 88' lang='lat' dir='ltr'>addo</span> <span class='ocrx_word' id='word_1_74' title='bbox 786 2092 833 2136; x_wconf 90' lang='lat' dir='ltr'>ex</span> <span class='ocrx_word' id='word_1_75' title='bbox 866 2091 940 2160; x_wconf 90' lang='lat' dir='ltr'>qua</span> <span class='ocrx_word' id='word_1_76' title='bbox 974 2061 1122 2136; x_wconf 84' lang='lat' dir='ltr'>eluceat</span> <span class='ocrx_word' id='word_1_77' title='bbox 1159 2066 1351 2159; x_wconf 91' lang='lat' dir='ltr'>quomodo</span> <span class='ocrx_word' id='word_1_78' title='bbox 1389 2091 1449 2136; x_wconf 87' lang='lat' dir='ltr'>ex-</span> 
     </span>
     <span class='ocr_line' id='line_1_12' title="bbox 151 2189 1452 2290; baseline 0 -26"><span class='ocrx_word' id='word_1_79' title='bbox 151 2190 274 2288; x_wconf 87' lang='lat' dir='ltr'>empla</span> <span class='ocrx_word' id='word_1_80' title='bbox 306 2210 495 2288; x_wconf 84' lang='lat' dir='ltr'>troporum</span> <span class='ocrx_word' id='word_1_81' title='bbox 533 2211 572 2266; x_wconf 91' lang='lat' dir='ltr'>et</span> <span class='ocrx_word' id='word_1_82' title='bbox 609 2193 805 2290; x_wconf 82' lang='lat' dir='ltr'>figurarum</span> <span class='ocrx_word' id='word_1_83' title='bbox 842 2192 878 2264; x_wconf 92' lang='lat' dir='ltr'>in</span> <span class='ocrx_word' id='word_1_84' title='bbox 906 2193 1068 2264; x_wconf 88' lang='lat' dir='ltr'>carmina</span> <span class='ocrx_word' id='word_1_85' title='bbox 1104 2189 1235 2263; x_wconf 89' lang='lat' dir='ltr'>Tibulli</span> <span class='ocrx_word' id='word_1_86' title='bbox 1264 2192 1452 2288; x_wconf 85' lang='lat' dir='ltr'>Lygdami</span> 
     </span>
     <span class='ocr_line' id='line_1_13' title="bbox 148 2317 1260 2418; baseline -0.003 -26"><span class='ocrx_word' id='word_1_87' title='bbox 148 2317 407 2416; x_wconf 84' lang='lat' dir='ltr'>Sulpiciaeque</span> <span class='ocrx_word' id='word_1_88' title='bbox 437 2337 476 2393; x_wconf 90' lang='lat' dir='ltr'>et</span> <span class='ocrx_word' id='word_1_89' title='bbox 504 2323 771 2418; x_wconf 83' lang='lat' dir='ltr'>panegyricum</span> <span class='ocrx_word' id='word_1_90' title='bbox 801 2318 1001 2392; x_wconf 84' lang='lat' dir='ltr'>Messallae</span> <span class='ocrx_word' id='word_1_91' title='bbox 1032 2319 1151 2391; x_wconf 90' lang='lat' dir='ltr'>divisa</span> <span class='ocrx_word' id='word_1_92' title='bbox 1179 2319 1260 2391; x_wconf 92' lang='lat' dir='ltr'>sint.</span> 
     </span>
    </p>
   </div>
   <div class='ocr_carea' id='block_1_5' title="bbox 217 2600 1440 2944">
    <p class='ocr_par' dir='ltr' id='par_1_5' title="bbox 217 2600 1440 2944">
     <span class='ocr_line' id='line_1_14' title="bbox 565 2600 849 2672; baseline 0 -2"><span class='ocrx_word' id='word_1_93' title='bbox 565 2600 602 2670; x_wconf 94' lang='lat' dir='ltr'>ln</span> <span class='ocrx_word' id='word_1_94' title='bbox 810 2600 849 2672; x_wconf 90' lang='lat' dir='ltr'>ln</span> 
     </span>
     <span class='ocr_line' id='line_1_15' title="bbox 217 2723 1440 2820; baseline 0.002 -26"><span class='ocrx_word' id='word_1_95' title='bbox 217 2723 366 2819; x_wconf 83' lang='lat' dir='ltr'>Tropus</span> <span class='ocrx_word' id='word_1_96' title='bbox 470 2724 688 2797; x_wconf 88' lang='lat' dir='ltr'>carminibus</span> <span class='ocrx_word' id='word_1_97' title='bbox 720 2725 938 2797; x_wconf 90' lang='lat' dir='ltr'>carminibus</span> <span class='ocrx_word' id='word_1_98' title='bbox 969 2723 1200 2820; x_wconf 79' lang='lat' dir='ltr'>panegyrico</span> <span class='ocrx_word' id='word_1_99' title='bbox 1222 2724 1440 2796; x_wconf 88' lang='lat' dir='ltr'>carminibus</span> 
     </span>
     <span class='ocr_line' id='line_1_16' title="bbox 513 2845 1422 2944; baseline 0.001 -24"><span class='ocrx_word' id='word_1_100' title='bbox 513 2850 645 2921; x_wconf 88' lang='lat' dir='ltr'>Tibulli</span> <span class='ocrx_word' id='word_1_101' title='bbox 737 2849 922 2944; x_wconf 87' lang='lat' dir='ltr'>Lygdami</span> <span class='ocrx_word' id='word_1_102' title='bbox 979 2845 1179 2921; x_wconf 85' lang='lat' dir='ltr'>Messallae</span> <span class='ocrx_word' id='word_1_103' title='bbox 1236 2847 1422 2944; x_wconf 86' lang='lat' dir='ltr'>Sulpiciae</span> 
     </span>
    </p>
   </div>
   <div class='ocr_carea' id='block_1_6' title="bbox 145 3014 613 3274">
    <p class='ocr_par' dir='ltr' id='par_1_6' title="bbox 145 3014 613 3274">
     <span class='ocr_line' id='line_1_17' title="bbox 145 3014 454 3128; baseline 0.003 -14"><span class='ocrx_word' id='word_1_104' title='bbox 145 3042 359 3117; x_wconf 89' lang='lat' dir='ltr'>Translatio</span> <span class='ocrx_word' id='word_1_105' title='bbox 452 3014 454 3128; x_wconf 87' lang='lat' dir='ltr'>l</span> 
     </span>
     <span class='ocr_line' id='line_1_18' title="bbox 148 3134 613 3274; baseline 0.015 -57"><span class='ocrx_word' id='word_1_106' title='bbox 148 3182 162 3215; x_wconf 82' lang='lat'><strong>»</strong></span> <span class='ocrx_word' id='word_1_107' title='bbox 194 3175 205 3222; x_wconf 92' lang='lat'>1</span> <span class='ocrx_word' id='word_1_108' title='bbox 227 3152 424 3222; x_wconf 90' lang='lat' dir='ltr'>verborum</span> <span class='ocrx_word' id='word_1_109' title='bbox 451 3134 454 3274; x_wconf 62' lang='lat' dir='ltr'>l</span> <span class='ocrx_word' id='word_1_110' title='bbox 567 3178 613 3243; x_wconf 88' lang='lat'>92</span> 
     </span>
    </p>
   </div>
   <div class='ocr_carea' id='block_1_7' title="bbox 150 3293 613 3386">
    <p class='ocr_par' dir='ltr' id='par_1_7' title="bbox 150 3293 613 3386">
     <span class='ocr_line' id='line_1_19' title="bbox 150 3293 613 3386; baseline 0.009 -28"><span class='ocrx_word' id='word_1_111' title='bbox 150 3325 162 3358; x_wconf 70' lang='grc' dir='ltr'><strong><em>ι</em></strong></span> <span class='ocrx_word' id='word_1_112' title='bbox 191 3317 209 3362; x_wconf 92' lang='lat'>2</span> <span class='ocrx_word' id='word_1_113' title='bbox 228 3293 444 3366; x_wconf 87' lang='lat' dir='ltr'>substantiv.</span> <span class='ocrx_word' id='word_1_114' title='bbox 568 3316 613 3386; x_wconf 83' lang='lat'>37</span> 
     </span>
    </p>
   </div>
   <div class='ocr_carea' id='block_1_8' title="bbox 149 3434 608 3526">
    <p class='ocr_par' dir='ltr' id='par_1_8' title="bbox 149 3434 608 3526">
     <span class='ocr_line' id='line_1_20' title="bbox 149 3434 608 3526; baseline 0.013 -26"><span class='ocrx_word' id='word_1_115' title='bbox 149 3467 163 3500; x_wconf 67' lang='grc' dir='ltr'><strong>ι</strong></span> <span class='ocrx_word' id='word_1_116' title='bbox 188 3458 208 3526; x_wconf 84' lang='lat'>3</span> <span class='ocrx_word' id='word_1_117' title='bbox 231 3434 444 3508; x_wconf 90' lang='lat' dir='ltr'>adiectivor.</span> <span class='ocrx_word' id='word_1_118' title='bbox 545 3459 608 3507; x_wconf 86' lang='lat'>121</span> 
     </span>
    </p>
   </div>
   <div class='ocr_carea' id='block_1_9' title="bbox 144 3714 613 3955">
    <p class='ocr_par' dir='ltr' id='par_1_9' title="bbox 144 3714 613 3955">
     <span class='ocr_line' id='line_1_21' title="bbox 144 3714 613 3813; baseline 0.002 -23"><span class='ocrx_word' id='word_1_119' title='bbox 144 3714 394 3813; x_wconf 87' lang='lat' dir='ltr'>Synecdoche</span> <span class='ocrx_word' id='word_1_120' title='bbox 565 3727 613 3791; x_wconf 90' lang='lat'>66</span> 
     </span>
     <span class='ocr_line' id='line_1_22' title="bbox 145 3861 610 3955; baseline -0.006 -22"><span class='ocrx_word' id='word_1_121' title='bbox 145 3861 373 3955; x_wconf 89' lang='lat' dir='ltr'>Metonymia</span> <span class='ocrx_word' id='word_1_122' title='bbox 565 3863 610 3952; x_wconf 90' lang='lat'>85</span> 
     </span>
    </p>
   </div>
   <div class='ocr_carea' id='block_1_10' title="bbox 145 4001 610 4094">
    <p class='ocr_par' dir='ltr' id='par_1_10' title="bbox 145 4001 610 4094">
     <span class='ocr_line' id='line_1_23' title="bbox 145 4001 610 4094; baseline 0.002 -22"><span class='ocrx_word' id='word_1_123' title='bbox 145 4001 414 4074; x_wconf 86' lang='lat' dir='ltr'>Antonomasia</span> <span class='ocrx_word' id='word_1_124' title='bbox 592 4023 610 4094; x_wconf 91' lang='lat'><em>7</em></span> 
     </span>
    </p>
   </div>
   <div class='ocr_carea' id='block_1_11' title="bbox 144 3175 1356 4076">
    <p class='ocr_par' dir='ltr' id='par_1_11' title="bbox 144 3175 1356 4076">
     <span class='ocr_line' id='line_1_24' title="bbox 1337 3175 1354 3221; baseline 0 0"><span class='ocrx_word' id='word_1_125' title='bbox 1337 3175 1354 3221; x_wconf 90' lang='lat'><em>2</em></span> 
     </span>
     <span class='ocr_line' id='line_1_25' title="bbox 1336 3320 1353 3365; baseline 0 0"><span class='ocrx_word' id='word_1_126' title='bbox 1336 3320 1353 3365; x_wconf 89' lang='lat'>2</span> 
     </span>
     <span class='ocr_line' id='line_1_26' title="bbox 1333 3441 1356 3507; baseline 0 0"><span class='ocrx_word' id='word_1_127' title='bbox 1333 3441 1356 3507; x_wconf 90' lang='lat'>6</span> 
     </span>
     <span class='ocr_line' id='line_1_27' title="bbox 144 3576 1355 3672; baseline 0.002 -24"><span class='ocrx_word' id='word_1_128' title='bbox 144 3576 422 3648; x_wconf 87' lang='lat' dir='ltr'>Personificatio</span> <span class='ocrx_word' id='word_1_129' title='bbox 566 3599 616 3672; x_wconf 91' lang='lat'>70</span> <span class='ocrx_word' id='word_1_130' title='bbox 1274 3629 1278 3636; x_wconf 91' lang='lat'>-</span> <span class='ocrx_word' id='word_1_131' title='bbox 1304 3623 1355 3632; x_wconf 91' lang='lat'>—-</span> 
     </span>
     <span class='ocr_line' id='line_1_28' title="bbox 1335 3745 1352 3792; baseline 0 0"><span class='ocrx_word' id='word_1_132' title='bbox 1335 3745 1352 3792; x_wconf 92' lang='lat'>2</span> 
     </span>
     <span class='ocr_line' id='line_1_29' title="bbox 1330 3887 1354 3954; baseline 0 0"><span class='ocrx_word' id='word_1_133' title='bbox 1330 3887 1354 3954; x_wconf 85' lang='lat'>4</span> 
     </span>
     <span class='ocr_line' id='line_1_30' title="bbox 1336 4031 1347 4076; baseline 0 0"><span class='ocrx_word' id='word_1_134' title='bbox 1336 4031 1347 4076; x_wconf 91' lang='lat'><em>1</em></span> 
     </span>
    </p>
   </div>
   <div class='ocr_carea' id='block_1_12' title="bbox 142 4142 1349 4523">
    <p class='ocr_par' dir='ltr' id='par_1_12' title="bbox 142 4142 1349 4523">
     <span class='ocr_line' id='line_1_31' title="bbox 144 4142 610 4239; baseline 0.004 -25"><span class='ocrx_word' id='word_1_135' title='bbox 144 4142 378 4239; x_wconf 87' lang='lat' dir='ltr'>Antiphrasis</span> <span class='ocrx_word' id='word_1_136' title='bbox 591 4169 610 4238; x_wconf 86' lang='lat'>3</span> 
     </span>
     <span class='ocr_line' id='line_1_32' title="bbox 142 4284 1349 4381; baseline 0.006 -25"><span class='ocrx_word' id='word_1_137' title='bbox 142 4284 369 4381; x_wconf 88' lang='lat' dir='ltr'>Periphrasis</span> <span class='ocrx_word' id='word_1_138' title='bbox 589 4292 611 4358; x_wconf 92' lang='lat'>6</span> <span class='ocrx_word' id='word_1_139' title='bbox 1300 4330 1349 4340; x_wconf 72' lang='lat'><em>-</em></span> 
     </span>
     <span class='ocr_line' id='line_1_33' title="bbox 144 4425 1345 4523; baseline -0.012 -25"><span class='ocrx_word' id='word_1_140' title='bbox 144 4425 362 4523; x_wconf 86' lang='lat' dir='ltr'>Hyperbole</span> <span class='ocrx_word' id='word_1_141' title='bbox 592 4453 609 4498; x_wconf 83' lang='lat'>2</span> <span class='ocrx_word' id='word_1_142' title='bbox 802 4476 858 4503; x_wconf 60' lang='lat'>.-,</span> <span class='ocrx_word' id='word_1_143' title='bbox 1050 4473 1102 4486; x_wconf 80' lang='lat'>..</span> <span class='ocrx_word' id='word_1_144' title='bbox 1298 4472 1345 4483; x_wconf 77' lang='grc'><strong>-</strong></span> 
     </span>
    </p>
   </div>
   <div class='ocr_carea' id='block_1_13' title="bbox 0 0 1606 5302">
    <p class='ocr_par' dir='ltr' id='par_1_13' title="bbox 0 0 1606 5302">
     <span class='ocr_line' id='line_1_34' title="bbox 0 0 1606 5302; baseline 0 0"><span class='ocrx_word' id='word_1_145' title='bbox 0 0 1606 5302; x_wconf 95' lang='lat' dir='ltr'> </span> 
     </span>
    </p>
   </div>
  </div>
 </body>
</html>
