3202 5302
213 591 364 646 vocatur
393 591 505 670 atque
535 574 603 646 hoc
632 574 746 645 modo
785 573 971 644 definitur:
1018 572 1163 643 Litotes
1193 571 1232 643 fit
1265 572 1511 666 quotiescum-

213 727 284 797 que
324 702 439 773 minus
477 702 630 773 diximus
659 716 698 772 et
725 702 805 795 plus
842 700 1088 796 significamus
1118 699 1434 794 percontrarium
1464 699 1516 771 in-

215 826 451 922 tellegentes.

320 952 485 1026 Tibullus
523 955 619 1026 haec
657 956 816 1049 praebet
852 955 1042 1049 exempla:
1079 959 1217 1046 1,3,61:
1261 953 1351 1027 Fert
1379 953 1520 1026 casiam

213 1108 286 1155 non
323 1085 420 1155 culta
456 1108 582 1177 seges
620 1084 729 1168 1‚8‚6:
773 1082 857 1155 Non
888 1083 977 1156 sine.
1014 1104 1179 1174 1,1o‚51:
1224 1078 1519 1154 Male'sobrius.

216 1212 364 1304 3‘‚2,28:
394 1210 539 1283 Aversa
559 1235 641 1282 non.
673 1232 817 1301 3,4,49:
850 1211 934 1283 Non
954 1208 1072 1283 fallax.
1104 1233 1281 1300 4‚1,112:
1312 1209 1412 1281 Haut
1430 1234 1519 1283 una.

320 1337 572 1410 Volkmannus
601 1363 634 1432 p.
662 1355 730 1429 371
765 1337 845 1408 huic
875 1353 984 1432 tropo
1015 1338 1128 1410 etiam
1158 1337 1447 1434 euphemismum
1477 1354 1521 1409 et

216 1490 421 1559 oxymoron
443 1465 623 1539 adtribuit.
670 1464 890 1557 Oxymoron
912 1465 1019 1536 nobis
1040 1480 1187 1538 exstare
1208 1467 1351 1538 videtur
1373 1487 1519 1557 3‚2,23:

214 1594 270 1666 Sit
297 1594 378 1665 mihi
407 1610 609 1688 paupertas
639 1606 760 1663 tecum
784 1592 955 1664 iucunda.

627 1898 661 1964 6.
720 1889 1092 1986 Periphrasis

322 2104 442 2195 Quint.
475 2102 563 2190 VIII,
596 2108 702 2193 6‚59:
739 2100 902 2174 Pluribus
933 2119 1056 2176 autem
1084 2103 1206 2175 verbis
1236 2127 1317 2174 cum
1347 2103 1383 2173 id
1412 2104 1519 2197 quod

215 2256 287 2303 uno
315 2246 377 2302 aut
405 2231 641 2325 paucioribus
671 2246 772 2302 certe
803 2230 874 2301 dici
902 2246 1029 2324 potest
1056 2229 1271 2325 explicatur,
1301 2236 1519 2325 περίφρασιν

214 2373 364 2440 vocant,
402 2358 586 2430 circuitum
614 2357 800 2453 quendam
830 2358 1041 2452 eloquendi,
1073 2359 1134 2452 qui
1162 2382 1423 2451 nonnunquam
1452 2383 1517 2430 ne-

213 2483 426 2558 cessitatem
454 2486 581 2571 habet,
611 2487 784 2580 quotiens
823 2485 922 2558 dictu
961 2485 1143 2558 deformia
1181 2485 1314 2579 operit.
1370 2483 1518 2555 Interim

214 2628 380 2686 ornatum
407 2615 500 2707 petit
527 2611 653 2699 solnm,
683 2630 720 2685 ut
746 2615 964 2709 saepissime
993 2615 1092 2708 apud
1120 2628 1264 2709 poetas,
1286 2656 1323 2665 -
1365 2611 1517 2683 Tamen

215 2738 379 2811 Tibullus
410 2765 455 2812 ea
483 2766 600 2835 saepe
629 2766 700 2812 non
730 2767 817 2813 usus
846 2758 914 2813 est.

326 2886 467 2959 1‚3‚73:
499 2869 567 2940 lllic
596 2869 770 2940 Iunonem
798 2883 980 2963 temptare
1008 2867 1181 2940 Ixionis
1211 2867 1289 2939 ausi
1318 2883 1518 2940 versantur

212 2991 324 3067 celeri
360 2997 495 3070 noxia
537 2997 742 3069 membra
784 3013 876 3068 rota.
927 3000 1057 3088 1‚7,8:
1104 2996 1337 3091 Memphiten
1364 2996 1515 3068 bovem.

220 3126 332 3213 1,8,4:
376 3123 515 3195 Cantus
553 3125 629 3196 avis
657 3125 844 3219 praecinit.
892 3146 1037 3216 2,1,47:
1081 3122 1198 3194 Calidi
1231 3123 1361 3194 sideris
1390 3138 1513 3197 aestu.

216 3272 358 3341 2,3‚47:
388 3249 566 3344 Fictaque
597 3251 762 3321 Cumana
790 3248 929 3320 lubrica
958 3265 1056 3321 terra
1085 3266 1175 3321 rota.
1208 3259 1354 3342 2456:
1392 3248 1514 3321 Thes-

213 3372 292 3448 sala
321 3392 428 3447 terra.
475 3380 617 3468 3‚1,28:
649 3374 788 3447 Pallida
815 3376 909 3448 Ditis
938 3402 1047 3471 aqua.
1080 3380 1228 3469 3‚3,38:
1269 3377 1364 3449 Ditis
1400 3403 1514 3472 aqua.

215 3528 356 3597 3,2,13:
394 3504 472 3575 Sed
505 3504 628 3576 veniat
664 3529 775 3576 carae
810 3505 935 3576 matris
972 3505 1148 3576 comitata
1185 3501 1324 3575 dolore.
1364 3528 1514 3598 3443:

214 3630 313 3703 Cura
340 3631 463 3702 deum.
496 3655 639 3723 3,4,91:
675 3630 852 3724 Scythiae
881 3631 996 3701 tellus.
1028 3651 1145 3722 3,5‚5:
1184 3630 1337 3726 Nigram
1366 3633 1514 3707 horam.

215 3765 331 3851 3‚6.7:
359 3759 497 3829 Durum
522 3783 632 3830 curae
653 3783 781 3853 genus.
813 3779 981 3848 4,1,139:
1012 3757 1188 3831 Theraeo
1216 3756 1323 3831 tellus
1351 3761 1516 3834 obsessa

215 3887 361 3958 colono.

652 4075 685 4145 7.
743 4051 1078 4148 Hyperbole.

323 4263 567 4361 Hyperbolen
589 4264 799 4336 audacioris
819 4279 970 4334 ornatus
992 4290 1132 4338 summo
1152 4269 1240 4339 loco
1262 4270 1385 4363 posuit
1398 4270 1516 4363 Quin·

213 4395 354 4466 tilianus
385 4392 473 4477 Vlll,
505 4396 607 4478 o.67.
665 4390 733 4461 Est
769 4391 861 4460 haec
896 4389 1034 4463 decens
1068 4394 1145 4465 veri
1179 4397 1402 4491 superiectio
1437 4423 1517 4489 qua
1570 4402 1577 4411 '

211 4519 376 4595 Tibullus
404 4518 460 4591 bis
489 4534 628 4589 tantum
657 4541 745 4587 usus
775 4532 844 4589 est.
