3202 5302
92 1727 316 1854 perlegenti
342 1757 425 1828 mihi
460 1755 759 1829 dissertationem
789 1748 987 1852 Gebbingii
1023 1755 1082 1851 qui
1116 1755 1164 1827 de
1199 1755 1315 1851 tropis
1351 1769 1389 1827 et

92 1890 217 1987 figuris
246 1887 345 1982 apud
364 1883 546 1958 Valerium
565 1887 736 1959 Flaccum
756 1886 902 1958 uberius
923 1863 1023 1980 egit]
1045 1884 1272 1981 (dissertatio
1292 1885 1387 1956 inau-

90 2016 229 2115 guralis
250 2013 497 2086 universitatis
513 2015 790 2110 Marburgensis
814 2018 938 2110 1878),
959 2038 1100 2109 operae
1115 2013 1270 2109 pretium
1290 2012 1388 2084 vide-

90 2149 198 2218 batur
219 2169 400 2240 quaerere
422 2142 613 2238 quomodo
629 2141 794 2215 Tibullus
813 2143 848 2215 in
869 2143 1086 2215 carminibus
1105 2143 1147 2214 iis
1165 2169 1251 2215 usus
1272 2159 1386 2215 esset.

90 2275 271 2345 Attamen
298 2272 509 2367 priusquam
539 2271 588 2342 ad
616 2269 654 2342 id
681 2271 783 2366 quod
807 2271 914 2343 nobis
934 2270 1192 2367 proposuimus
1216 2270 1387 2367 aggredi-

90 2428 202 2488 amur,
231 2398 404 2472 hocloco
425 2400 584 2471 breviter
610 2425 804 2496 exponere
828 2398 944 2495 qualis
971 2399 1018 2470 sit
1041 2399 1237 2471 carminum
1256 2397 1387 2470 Tibulli

88 2528 261 2612 historia,
291 2552 364 2600 non
402 2525 557 2600 alienum
592 2528 637 2600 sit
665 2555 687 2599 a
722 2554 762 2600 re
797 2527 1000 2623 proposita.
1056 2527 1183 2623 Atque
1221 2527 1386 2599 omnibus

88 2658 313 2729 notissimum
343 2671 402 2728 est
430 2669 604 2751 quantum
633 2657 888 2728 Lachmannus
917 2657 1034 2752 prima
1070 2658 1232 2730 editione
1262 2656 1388 2728 critica

89 2787 137 2858 de
165 2783 311 2857 Tibullo
354 2785 502 2856 meritus
541 2784 597 2857 sit.
655 2784 819 2856 Codices
850 2786 981 2880 quibus
1008 2811 1095 2858 usus
1125 2803 1185 2858 est
1220 2785 1386 2880 plerique

87 2915 313 2986 recentiores
350 2930 433 2985 sunt
472 2936 674 3007 eorumque
713 2915 974 3008 archetypum,
1010 2930 1050 2985 ut
1086 2913 1128 2988 L.
1156 2910 1387 2985 Muellero

84 3042 239 3129 videtur,
269 3042 444 3137 scriptum
465 3056 523 3112 est
542 3039 703 3112 Caroli
732 3042 892 3135 Magni
919 3042 1159 3136 temporibus.
1204 3040 1284 3113 Sed
1302 3066 1387 3114 num

86 3171 206 3241 omnia
236 3170 457 3265 apographa
485 3169 534 3240 ab
567 3193 615 3240 eo
648 3170 855 3264 repetenda
893 3170 975 3258 sint,
1005 3169 1117 3241 valde
1145 3167 1383 3241 dubitandum
1500 3192 1503 3197 ·

86 3315 154 3371 est.
200 3296 256 3369 Ac
277 3297 429 3392 primum
451 3296 600 3391 quidem
630 3322 676 3369 ex
704 3321 830 3370 eorum
859 3323 1010 3371 numero
1036 3297 1104 3368 tria
1134 3296 1267 3369 afferre
1296 3295 1384 3369 volo

86 3453 108 3496 a
138 3425 180 3499 L.
208 3422 443 3496 Muellero
472 3443 772 3498 commemorata.
805 3427 864 3524 (cf.
885 3426 1001 3522 praef.
1023 3427 1108 3499 edit.
1127 3424 1261 3499 Tibull.
1282 3425 1382 3520 Lips.

91 3555 219 3648 1874).
249 3553 357 3625 Haec
386 3568 487 3625 sunt:

198 3685 230 3776 1)
259 3681 519 3778 Fragmentum
548 3682 781 3756 Cuiacianum
812 3710 833 3755 a
860 3681 940 3755 libri
967 3681 1011 3754 Ill
1039 3682 1206 3755 carminis
1232 3704 1384 3773 4versu

86 3814 133 3900 65
156 3809 346 3904 incipiens,
376 3811 474 3881 cuius
492 3808 674 3883 lectiones
695 3837 717 3882 a
742 3808 933 3908 Scaligero
954 3809 1107 3883 editioni
1125 3808 1383 3893 Plautinianae,

85 3961 181 4031 quae
212 3962 309 4008 anno
344 3945 440 4029 1569
461 3937 607 4032 prodiit,
636 3937 797 4012 insertae
818 3954 911 4011 sunt.
956 3936 1097 4029 Quibus
1124 3935 1383 4008 Lachmannus

85 4087 237 4158 quoque
265 4088 352 4135 usus
372 4078 432 4136 est
451 4064 614 4137 adhibita
632 4063 772 4139 Aldina
787 4066 870 4137 anni
896 4084 991 4157 1515
1013 4064 1048 4135 in
1069 4089 1179 4159 quam
1205 4077 1382 4157 receptae

84 4207 179 4263 sunt.
236 4189 359 4261 Hodie
387 4192 423 4264 in
449 4190 672 4265 bibliotheca
691 4189 933 4289 Lugdunensi
959 4190 1117 4264 habetur
1143 4190 1238 4263 inter
1265 4189 1381 4262 libros
1491 4208 1494 4213 ’
1539 4264 1542 4273 ,

85 4318 283 4413 Lipsianos
311 4317 376 4391 Nr.
408 4341 469 4411 59.

197 4452 231 4542 2)
258 4446 428 4520 Alterum
455 4448 701 4544 apographon
729 4446 932 4520 diutissime
951 4444 1210 4518 absconditum
1232 4439 1381 4515 saeculo

86 4574 174 4646 XIV
214 4600 336 4647 rursus
378 4575 565 4648 inventum
607 4592 647 4649 et
687 4575 724 4647 in
763 4572 900 4648 ltaliam
949 4589 1179 4669 asportatum
1224 4569 1378 4645 videtur.
