3202 5302
142 590 292 663 consita
332 615 475 684 pomus.
515 611 662 680 2,4,13:
705 588 788 663 Nec
832 603 988 684 prosunt
1028 586 1127 685 elegi
1169 614 1237 660 nec
1279 590 1447 663 carminis

144 733 279 791 auctor
302 718 450 814 Apollo.
483 738 623 809 2,5,95:
660 717 762 788 Tunc
798 733 956 811 operata
981 718 1056 788 deo
1085 717 1203 811 pubes
1224 716 1448 790 discumbet

143 846 182 919 in
208 846 338 931 herba,
368 845 511 917 arboris
532 846 706 939 antiquae
728 841 912 938 qualevis
931 844 1059 941 umbra
1078 843 1187 934 cadit,
1217 859 1280 917 aut
1300 870 1322 916 e
1342 863 1447 919 veste

146 1000 216 1047 sua
246 974 421 1046 tendent
449 970 659 1045 umbracula
686 972 794 1044 sertis
829 972 962 1044 vincta.
997 993 1168 1064 2,5‚117:
1199 970 1282 1067 lpse
1309 997 1447 1069 gerens

146 1104 291 1175 lauros:
311 1100 413 1173 lauro
443 1101 634 1173 devinctus
654 1100 803 1195 agresti.
834 1123 976 1191 3‚2‚24:
1005 1097 1077 1171 lllic
1106 1125 1198 1196 quas
1227 1099 1331 1172 mittit
1345 1099 1449 1172 dives

149 1229 336 1302 Panchaia
375 1253 521 1301 merces
557 1226 700 1323 Eoique
731 1229 891 1301 Arabes.
934 1230 1108 1318 4‚1,186:
1153 1227 1294 1323 Cuique
1332 1253 1448 1323 pecus
1545 1292 1549 1297 .

149 1356 272 1431 denso
300 1357 509 1452 pascebant
543 1356 687 1453 agmine
716 1354 841 1428 colles.
880 1379 1055 1447 4,1‚1901
1089 1356 1171 1427 Nec
1198 1355 1449 1451 licetasperi-

149 1508 219 1557 ora
237 1485 373 1557 cadant
401 1484 614 1580 spolierque
643 1484 789 1556 relictis.
820 1508 917 1575 4.4‚2
925 1506 964 1575 5:
995 1485 1099 1557 Tunc
1128 1501 1166 1556 te
1188 1481 1329 1556 felicem
1349 1483 1451 1557 dicet
1559 1458 1562 1463 Ι

151 1613 214 1709 pia
244 1612 349 1684 turba
378 1611 542 1698 deorum,
572 1613 756 1708 optabunt
785 1628 885 1684 artes
915 1627 953 1683 et
981 1612 1048 1684 sibi
1078 1612 1234 1708 quisque
1263 1629 1358 1686 tuas

544 1891 580 1963 b.
609 1889 810 1988 Enallages
839 1908 1059 1986 temporum.

150 2098 433 2192 Coniunguntur
469 2123 527 2171 aa.
566 2122 748 2192 praesens
784 2116 823 2173 et
865 2100 1020 2171 futurum
1067 2104 1217 2190 1‚6‚39:
1273 2098 1450 2194 Quisquis

406 2223 495 2297 colis
524 2241 604 2298 arte
642 2224 798 2322 capillos
827 2243 866 2300 et
900 2227 976 2299 fluit
1011 2225 1129 2300 effuso
1148 2227 1205 2299 cui
1238 2242 1333 2324 toga
1369 2228 1453 2298 laxa

407 2355 486 2426 sinu
515 2354 678 2450 quisquis
707 2371 746 2427 et
774 2371 952 2428 occurret.
1060 2413 1063 2417 .

315 2502 376 2576 bb.
406 2529 587 2598 praesens
609 2520 654 2575 et'
668 2504 871 2599 perfectum
893 2523 1009 2594 4‚2,7:
1030 2499 1140 2590 lllam,
1163 2502 1341 2598 quidquid
1361 2503 1451 2600 agit,

410 2656 559 2726 quoquo
588 2630 746 2726 vestigia
775 2631 899 2719 movit,
931 2630 1108 2726 conponit
1136 2630 1266 2704 furtim.

317 2803 373 2853 cc.
409 2779 614 2873 perfectum
651 2795 689 2852 et
722 2780 977 2875 imperfectum
1012 2788 1146 2872 1‚6,27:
1182 2779 1309 2875 Saepe
1349 2803 1453 2853 mero

409 2885 578 2978 somnum
606 2908 737 3003 peperi
766 2908 841 2996 tibi,
873 2925 911 2979 at
939 2909 1020 3003 ipse
1051 2907 1236 2981 bibebam.

317 3055 378 3129 dd.
409 3055 613 3150 perfectum
655 3071 695 3126 et
741 3053 1143 3152 plusquamperfectum
1190 3074 1326 3149 1,3,47:
1369 3054 1453 3127 Non

409 3184 521 3268 acies,
551 3208 625 3255 non
651 3183 704 3255 ira
733 3183 808 3270 fuit,
843 3209 914 3256 non
942 3183 1051 3274 bella,
1078 3193 1150 3257 nec
1180 3209 1308 3257 ensem
1330 3183 1456 3256 immiti

409 3336 543 3383 saevus
571 3311 728 3384 duxerat
754 3328 835 3384 arte
865 3313 982 3386 saber.

262 3519 465 3591 Praeterea
485 3518 752 3614 coniunguntur
771 3520 963 3616 participia
985 3521 1141 3615 perfecti
1176 3535 1215 3592 et
1243 3519 1453 3614 praesentis

153 3656 318 3738 4‚1,116,
348 3645 379 3717 si
404 3645 477 3717 hoc
506 3644 592 3718 loco
628 3646 830 3742 probamus
867 3674 964 3743 quae
993 3646 1194 3721 Muellerus
1226 3647 1368 3744 posuit:
1398 3648 1456 3719 Te

155 3775 251 3846 duce
284 3797 359 3845 non
395 3770 485 3844 alias
518 3798 722 3846 conversus
756 3791 865 3873 terga
902 3776 1077 3848 domante
1112 3774 1229 3849 libera
1262 3778 1455 3848 Romanae

156 3901 314 3974 subiecit
356 3899 450 3972 colla
491 3916 657 3976 catenae.
716 3903 878 3976 Veteres
914 3906 1077 3976 editores
1119 3904 1228 3975 vitam
1271 3903 1455 3999 quandam

156 4027 289 4101 Tibulli
324 4045 526 4124 sequentes
561 4030 790 4103 tradiderant
828 4024 1060 4117 »domator«,
1090 4057 1187 4127 quae
1220 4032 1341 4103 forma
1367 4031 1457 4104 Sca-

156 4156 274 4254 ligero
304 4158 375 4228 iam
405 4175 580 4254 suspecta
607 4174 697 4231 erat.
754 4159 787 4230 Is
816 4159 910 4231 enim
948 4159 1190 4231 adiiciendum
1232 4185 1318 4231 esse
1353 4175 1453 4253 puta-

157 4284 206 4357 vit
245 4310 446 4379 »equorum
483 4285 690 4358 domator«.
748 4285 826 4358 Sed
856 4313 968 4381 quum
1001 4311 1074 4359 vox
1107 4313 1128 4359 e
1159 4312 1269 4358 versu
1302 4301 1451 4357 antece-

157 4412 260 4484 denti
288 4410 394 4484 sacile
424 4411 598 4508 explicari
628 4414 763 4523 possit,v
799 4441 921 4516 neque
957 4415 1116 4495 adiectio
1146 4439 1268 4520 neque?
1299 4414 1455 4500 mutatio}

94 4546 96 4557 '
155 4541 369 4613 necessaria
398 4540 551 4618 videtur.
