3202 5302
712 430 750 496 19

20 672 23 676 ·
78 659 163 726 que.
195 625 322 703 Tellus
349 629 513 726 postulat
540 631 676 703 imbres
700 655 790 725 1,7‚2
798 654 817 724 5
848 647 885 705 et
911 633 945 703 in
965 632 1133 726 proximo
1161 661 1269 706 versu
1297 636 1376 707 her·

77 763 126 833 ba
155 759 335 855 supplicat
358 759 448 852 Jovi.
473 782 610 850 3‚4,91.
642 759 760 831 Terra
782 781 930 850 2‚5‚42:
961 759 1083 832 Vocat
1103 780 1269 834 errantes
1292 763 1376 834 hos-

77 889 153 981 pita
182 905 281 959 terra
297 888 424 958 Lares.
447 907 583 976 2,1‚43:
610 885 750 960 Hortus
771 887 871 957 bibit.
929 887 1056 958 Litora
1091 908 1205 978 1,7‚9:
1232 888 1379 961 Oceani

75 1015 181 1086 litora
197 1013 404 1086 Sanctonici
419 1028 598 1083 testantur
614 1011 813 1084 Messallae
831 1015 1021 1088 honorem.
1042 1037 1113 1106 33,
1124 1040 1133 1085 1
1145 1038 1178 1105 4.
1203 1015 1376 1087 Taenare

75 1142 153 1212 sive
181 1143 250 1212 tuis
280 1141 369 1228 sive,
398 1139 596 1233 Carysthe‚
627 1141 706 1213 tuis.

183 1269 332 1340 Montes
361 1285 400 1340 et
428 1268 583 1340 arbores
612 1271 727 1340 rarius
757 1295 778 1338 a
805 1267 952 1340 Tibullo
982 1270 1193 1342 animantur.
1230 1280 1372 1361 1,7‚16:

25 1464 29 1469 .
73 1396 221 1466 'l‘aurus
250 1394 322 1468 alit.
360 1419 469 1489 1,7,9:
513 1395 657 1488 Pyrene
688 1410 846 1466 testatur
886 1395 1062 1468 honorem
1095 1396 1307 1470 Messallae.
1343 1423 1373 1487 1,

76 1543 182 1614 3,37:
223 1524 329 1594 Pinus
373 1538 650 1618 contempserat
692 1523 831 1607 undas,
874 1549 949 1618 quo
979 1522 1064 1595 loco
1101 1524 1373 1620 personifrcatio

72 1676 156 1721 cum
185 1650 422 1744 synecdoche
459 1650 654 1722 coniuncta
689 1666 758 1722 est.
808 1672 975 1743 4,1,171:
1009 1651 1145 1724 Didicit
1174 1653 1253 1724 vitis
1291 1676 1376 1724 con·
1421 1678 1426 1686 ·

73 1778 260 1849 scendere
290 1803 425 1851 ramos.

182 1905 315 2001 Neque
344 1907 494 2001 saepius
522 1906 862 2001 personificationes
880 1907 1080 1978 invenimus
1107 1909 1143 1978 in
1170 1908 1375 1979 nominibus

70 2048 271 2103 ventorum.
314 2057 479 2124 2,4‚4o:
536 2033 703 2128 Eripiant
743 2049 868 2126 partas
905 2050 1038 2105 ventus
1075 2051 1114 2106 et
1148 2035 1241 2130 ignis
1279 2060 1374 2130 opes
1492 2050 1497 2067 “

74 2163 212 2250 3‚6,27.
242 2182 406 2251 4,1,124.
450 2185 568 2252 1‚1,49
596 2162 737 2232 Auster
774 2178 812 2232 et
851 2170 979 2253 &4³96
1008 2163 1129 2233 Notus
1159 2163 1372 2233 animantur.

134 2328 138 2335 ·
183 2285 245 2357 Ad
265 2288 412 2360 domum
434 2289 585 2384 eiusque
605 2305 732 2383 partes
753 2289 914 2382 pertinet
944 2296 1089 2381 3,4‚26:
1120 2290 1283 2360 Heroum
1303 2314 1374 2360 nec

70 2411 154 2484 tulit
175 2412 246 2485 ulla
264 2415 406 2488 domus,
444 2436 583 2506 1,2,79:
615 2417 728 2509 Janua
748 2414 969 2487 difficilis...
990 2418 1109 2503 ianua,
1139 2418 1210 2486 iam
1230 2432 1374 2510 pateas.

73 2564 214 2632 2‚4‚31.
258 2564 399 2633 1‚5‚22:
431 2545 534 2615 Area
576 2545 660 2613 dum
697 2568 820 2614 messe
860 2542 939 2615 sole
984 2542 1130 2616 calente
1169 2560 1267 2615 teret
1303 2545 1372 2615 ie.

70 2693 215 2762 operae
247 2695 406 2742 messem
436 2672 468 2741 in
499 2697 587 2742 area
615 2684 745 2742 terent.

182 2797 383 2868 Praeterea
411 2800 511 2871 varia
541 2799 641 2869 addo
667 2799 777 2868 haec:
811 2796 940 2892 Capilli
963 2820 1104 2890 3,5,15:
1135 2800 1181 2870 Et
1210 2799 1371 2871 nondum

67 2926 154 2994 cani
183 2924 308 3016 nigros
335 2924 482 2998 laesere
515 2923 682 3020 capillos.
741 2925 896 2996 Catasta
928 2928 1072 3015 2,3,6o:
1104 2923 1224 3014 Quem
1252 2949 1367 3018 saepe

63 3051 193 3146 coegit
221 3053 380 3125 barbara
408 3069 592 3150 gypsatos
628 3052 724 3123 lerre
762 3066 906 3123 catasta
932 3053 1065 3145 pedes.
1119 3052 1213 3122 Exta
1250 3056 1370 3141 3‚4‚6:

63 3177 171 3248 Vera
201 3195 349 3251 monent
377 3181 509 3252 Tuscis
539 3195 625 3251 exta
653 3181 809 3274 probata
836 3181 934 3251 viris
956 3179 1081 3273 Seges
1115 3202 1256 3267 2‚1,19:
1286 3177 1371 3248 Neu

63 3329 184 3397 seges
227 3308 352 3378 eludat
391 3332 550 3380 messem
585 3304 775 3378 fallacibus
812 3307 948 3378 herbis.
1016 3306 1132 3401 Signa
1179 3306 1368 3399 tubaeque

70 3454 212 3524 1‚1‚75:
256 3433 335 3505 Vos
382 3436 489 3531 signa
536 3435 745 3529 tubaeque,
787 3434 836 3505 ite
871 3436 998 3529 procul
1036 3431 1178 3526 cupidis
1215 3430 1367 3502 volnera

62 3560 166 3630 ferte
194 3561 291 3634 viris.
351 3563 443 3635 Vina
475 3585 616 3650 2,1‚29:
648 3562 741 3632 Vina
770 3562 867 3632 diem
899 3562 1102 3633 celebrent.

177 3681 316 3756 Omnes
344 3686 416 3758 hae
443 3714 503 3760 res
530 3689 764 3774 inanimatae,
793 3691 840 3760 de
872 3690 1002 3783 quibus
1024 3683 1194 3781 exempla
1219 3683 1366 3779 protuli-

61 3836 165 3894 mus,
202 3812 234 3884 in
272 3840 392 3887 rerum
430 3833 559 3888 natura
595 3832 709 3888 erant.
765 3816 980 3888 Transimus
1008 3840 1102 3886 nunc
1132 3815 1180 3885 ad
1211 3839 1276 3884 eas
1306 3839 1367 3884 res

59 3938 283 4012 inanimatas
312 3969 408 4038 quae
437 3945 505 4015 sub
535 3970 666 4016 sensus
703 3969 774 4014 non
809 3944 955 4015 cadunt.
1014 3940 1365 4013 Personificationes

57 4066 227 4150 Amoris
263 4069 433 4160 Decoris,
464 4071 663 4168 Cupidinis
692 4071 890 4154 Fortunae,
919 4071 1053 4158 Fortis,
1085 4070 1206 4157 Genii,
1249 4070 1365 4154 Pacis,

55 4197 226 4283 Poenae,
256 4197 438 4288 Rumoris‚
460 4201 563 4296 Spei,
595 4199 785 4271 Victoriae
805 4225 915 4294 quum
937 4197 1151 4270 notissimae
1173 4198 1254 4284 sint,
1276 4197 1364 4267 satis

51 4321 280 4396 habebimus
299 4324 402 4398 locos
423 4328 567 4403 afferre.
600 4327 719 4398 Amor
745 4349 878 4418 1‚3,21.
905 4349 1041 4417 1‚4,4o.
1067 4331 1177 4413 1‚6,2.
1206 4344 1364 4415 1,10‚57.

57 4452 566 4547 2,1,80.2‚2‚18‚2,3,4.71.
601 4475 784 4545 2‚4,4.52.
819 4458 982 4546 2‚5,106.
1021 4457 1204 4540 2‚6,1.r5.
1230 4455 1365 4541 3,4‚65.

51 4583 255 4672 3,6‚4.17.
303 4591 419 4669 4‚2‚6.
465 4590 605 4673 4,6,12,
659 4581 778 4651 Amor
806 4596 846 4651 et
881 4580 1009 4652 Decor
1047 4580 1160 4668 4‚2‚8.
1219 4576 1365 4671 Cupido

1114 4727 1128 4759 2
